1634 2640
109 104 279 158 A.n.51.]
461 111 613 144 LIBER
642 111 728 143 ΧΗ.
789 112 888 144 CAP.
923 119 1064 154 40-44.

69 222 242 264 asponte
290 215 565 264 praeficeretur.
623 226 731 251 suum
781 225 934 263 quoque
979 214 1166 263 fastigium
1217 219 1428 268 Agrippina

85 280 287 327 ‚extollere
326 280 460 317 altius:
513 286 696 328 carpento
734 277 964 328 Capitolium
1005 280 1160 328 ingredi,
1202 283 1265 330 qui
1306 283 1428 321 honos

108 344 365 382 sacerdotibus
408 351 444 382 et
488 344 602 382 sacris
645 344 851 392 antiquitus
896 355 1102 382 concessus
1145 347 1427 384 venerationem

107 410 270 459 augebat
306 409 478 455 feminae,
514 420 630 459 quam
664 409 891 457 imperatore
929 408 1109 458 genitam,
1142 421 1312 448 sororem
1348 412 1428 448 eius

107 475 170 524 qui
193 486 317 512 rerum
343 474 485 524 potitus
512 474 557 511 sit
578 479 615 511 et
642 474 848 522 coniugem
875 480 912 510 et
939 480 1100 511 matrem
1129 473 1251 521 fuisse,
1274 476 1427 512 unicum
1448 482 1466 514 5

65 548 90 577 4
107 539 155 577 ad
176 539 277 577 hunc
298 540 399 577 diem
420 538 637 588 exemplum
659 545 725 576 est.
778 538 876 575 inter
895 550 993 588 quae
1014 539 1239 588 praecipuus
1261 553 1428 590 propug-

107 612 216 643 nator
243 604 322 642 eius
348 603 532 649 Vitellius,
559 603 789 640 validissima
816 603 948 652 gratia,
974 610 1094 641 aetate
1121 610 1291 642 extrema
1318 604 1430 656 (adeo

107 670 273 707 incertae
293 675 379 707 sunt
400 668 614 718 potentium
641 668 716 718 res)
738 668 980 706 accusatione
1007 669 1217 718 corripitur,
1240 670 1429 708 deferente

65 733 220 771 blunio
258 732 371 783 Lupo
405 740 588 771 senatore.
645 733 675 770 is
710 732 869 770 crimina
902 733 1107 771 maiestatis
1140 741 1176 771 et
1211 735 1428 784 cupidinem

107 799 254 848 imperii
274 798 510 845 obiectabat;
551 798 863 847 praebuissetque
890 809 998 835 aures
1026 798 1177 845 Caesar,
1200 800 1270 836 nisi
1291 799 1428 850 Agrip·
1449 811 1489 833 10

108 863 219 912 pinae
237 863 350 901 minis
366 864 489 912 magis
510 875 626 913 quam
646 862 823 912 precibus
844 869 1010 899 mutatus
1031 870 1140 909 esset,
1158 871 1197 900 ut
1218 865 1428 902 accusatori

108 940 208 978 aqua
227 935 339 978 atque
360 929 437 977 igni
457 928 708 965 interdiceret.
765 927 950 965 hactenus
972 927 1147 966 Vitellius
1168 929 1346 967 voluerat.

159 996 227 1031 43.
268 992 390 1030 Multa
432 1004 479 1030 eo
522 1004 624 1030 anno
667 991 840 1041 prodigia
882 1004 1050 1030 evenere.
1109 993 1298 1030 insessum
1341 994 1428 1032 diris

106 1058 238 1096 avibus
269 1056 511 1107 Capitolium,
546 1057 685 1094 crebris
716 1063 837 1094 terrae
869 1057 1035 1094 motibus
1068 1064 1246 1106 prorutae
1278 1059 1426 1104 domus,

105 1135 151 1160 ac
177 1122 267 1160 dum
295 1122 406 1160 latius
431 1123 618 1169 metuitur,
647 1122 899 1171 trepidatione
926 1122 1028 1171 vulgi
1054 1123 1238 1160 invalidus
1267 1124 1426 1173 quisque
1448 1133 1485 1166 15

106 1187 255 1233 obtriti;
306 1187 454 1237 frugum
487 1199 638 1237 quoque
677 1193 824 1235 egestas
863 1194 899 1224 et
937 1192 1020 1224 orta
1057 1200 1104 1224 ex
1143 1200 1189 1225 eo
1229 1188 1349 1226 fames
1387 1190 1426 1226 in

65 1252 321 1301 2prodigium
358 1252 626 1301 accipiebatur.
686 1264 756 1289 nec
796 1252 936 1290 occulti
974 1258 1122 1289 tanturn
1161 1259 1328 1302 questus,
1361 1253 1427 1291 sed

105 1317 185 1354 iura
213 1316 436 1355 reddentem
465 1316 667 1357 Claudium
696 1316 969 1354 circumvasere
999 1316 1231 1354 clamoribus
1257 1318 1424 1365 turbidis,

105 1383 334 1433 pulsumque
367 1383 406 1420 in
443 1388 653 1420 extremam
688 1381 758 1419 fori
797 1388 942 1431 partem
977 1382 1011 1419 vi
1045 1384 1270 1431 urguebant,
1304 1383 1427 1422 donec

65 1457 87 1487 8
106 1447 266 1485 militum
285 1447 403 1497 globo
422 1447 592 1485 infensos
611 1447 787 1496 perrupit.
837 1447 1058 1496 quindecim
1079 1447 1225 1485 dierum
1246 1448 1426 1486 alimenta
1447 1462 1486 1485 20

105 1512 199 1559 urbi,
236 1523 316 1550 non
356 1511 529 1561 amplius,
569 1510 796 1560 superfuisse
837 1511 1014 1557 constitit,
1053 1523 1270 1561 magnaque
1312 1513 1426 1550 deum

105 1576 335 1625 benignitate
369 1582 405 1614 et
436 1575 625 1614 modestia
657 1575 792 1612 hiemis
825 1575 940 1612 rebus
975 1577 1153 1613 extremis
1188 1578 1425 1615 subventum.

61 1650 87 1680 4
106 1648 143 1679 at
175 1640 329 1678 hercule
363 1640 453 1678 olim
487 1640 596 1678 Italia
633 1639 845 1689 legionibus
880 1640 1109 1690 longinquas
1143 1641 1181 1677 in
1215 1642 1426 1690 provincias

105 1712 343 1744 commeatus
371 1705 558 1755 portabat,
587 1717 657 1742 nec
686 1716 788 1742 nunc
820 1703 1088 1742 infecunditate
1121 1705 1326 1755 laboratur,
1359 1707 1424 1744 sed

105 1770 273 1808 Africam
319 1770 445 1820 potius
487 1776 524 1808 et
570 1769 790 1819 Aegyptum
832 1781 1064 1815 exercemus,
1108 1770 1344 1820 navibusque
1387 1778 1424 1808 et
1444 1785 1482 1817 25

105 1836 256 1873 casibus
284 1834 357 1872 vita
385 1834 517 1884 populi
547 1833 715 1872 Romani
735 1835 921 1884 permissa
941 1840 1007 1872 est.

158 1904 231 1938 44.
270 1898 420 1937 Eodem
462 1912 565 1938 anno
606 1899 747 1937 bellum
790 1900 885 1937 inter
931 1899 1136 1938 Armenios
1180 1899 1424 1951 Hiberosque

107 1971 281 2002 exortum
315 1963 461 2002 Parthis
494 1975 648 2014 quoque
681 1976 725 2002 ac
761 1963 948 2001 Romanis
985 1964 1295 2014 gravissimorum
1330 1966 1424 2003 inter

64 2041 88 2073 2
107 2041 147 2066 se
166 2035 340 2066 motuum
363 2040 477 2066 causa
495 2028 573 2066 fuit.
629 2028 733 2077 genti
757 2027 983 2065 Parthorum
1003 2028 1215 2077 Vologeses
1236 2030 1423 2078 imperita—

107 2094 182 2138 bat,
213 2098 384 2130 materna
416 2093 561 2142 origine
594 2105 641 2130 ex
675 2092 818 2142 paelice
851 2092 1010 2138 Graeca,
1044 2104 1228 2130 concessu
1264 2093 1422 2130 fratrum
1443 2108 1484 2139 30

106 2168 267 2206 regnum
291 2156 452 2206 adeptus
469 2169 480 2203 ;
514 2157 681 2195 Hiberos
702 2156 981 2194 Pharasmanes
1000 2163 1144 2194 vetusta
1171 2158 1423 2206 possessione,

107 2221 309 2259 Armenios
340 2220 453 2258 frater
488 2221 569 2259 eius
603 2220 843 2259 Mithridates
876 2221 1068 2270 optinebat
1101 2222 1238 2270 opibus
1275 2222 1422 2259 nostris.

67 2291 90 2322 8
109 2292 186 2323 erat
202 2284 448 2323 Pharasmani
469 2285 565 2323 filius
584 2285 740 2323 nomine
762 2285 1017 2331 Radamistus,
1034 2285 1173 2323 decora
1187 2286 1421 2334 proceritate,

723 2353 749 2379 K
770 2351 792 2378 2
