1643 2655
490 96 726 128 CORNELII
758 97 925 128 TACJTJ
949 96 1225 128 ANNALJUM
1276 89 1417 142 [A.U.C.
1438 99 1514 138 805.

195 199 332 237 nianus
355 199 394 236 in
414 199 567 237 exilium
587 200 720 248 agitur,
742 200 849 249 quasi
870 200 986 237 finem
1006 200 1188 249 principis
1209 212 1276 249 per
1297 199 1514 238 Chaldaeos

196 270 432 302 scrutaretur.
490 264 759 302 adnectebatur
783 264 930 302 crimini
952 264 1065 302 Vibia
1087 271 1207 302 mater
1227 265 1318 311 eius,
1339 270 1380 301 ut
1404 276 1514 302 casus

194 328 328 378 prioris
370 327 478 379 (narn
520 328 686 378 relegata
728 328 824 379 erat)
868 329 1064 378 inpatiens.
1121 335 1226 378 pater
1275 329 1553 367 Scriboniani2

195 392 381 431 Camillus
399 405 505 431 arma
518 405 586 442 per
600 393 832 430 Delmatiam
848 400 1039 439 moverat;
1068 393 1182 442 idque
1204 393 1254 431 ad
1274 393 1514 431 clementiam

157 469 176 502 5
195 458 365 496 trahebat
393 458 546 505 Caesar,
575 458 680 508 quod
710 459 864 507 stirpem
892 458 1066 495 hostilem
1096 459 1231 496 iterum
1265 465 1514 497 conservaret.

194 536 320 573 neque
349 530 476 561 tamen
507 524 606 561 exuli
635 523 750 572 longa
779 523 939 573 posthac
970 523 1043 561 vita
1072 523 1161 561 fuit:
1207 531 1327 561 morte
1361 523 1554 562 fortuitas

194 600 244 627 an
286 601 354 638 per
387 600 577 626 venenum
611 589 799 626 extinctus
833 596 941 634 esset,
965 595 1005 625 ut
1038 590 1199 638 quisque
1233 588 1400 634 credidit,
1434 588 1513 626 vul-

194 665 340 703 gavere.
399 654 445 691 de
486 653 762 691 mathematicis
805 653 914 691 Italia
954 654 1137 704 pellendis
1181 654 1322 692 factum
1363 660 1514 692 senatus

194 719 410 756 consultum
431 725 537 756 atrox
557 727 594 756 et
613 718 777 756 inritum.
824 718 963 755 laudati
984 718 1122 756 dehinc
1142 719 1313 756 oratione
1332 718 1513 767 principis
1529 728 1554 757 4

138 802 177 825 10
195 784 260 833 qui
281 784 332 821 ob
355 784 550 833 angustias
569 783 771 821 familiares
797 783 928 820 ordine
953 784 1144 821 senatorio
1165 790 1299 833 sponte
1326 783 1511 829 cederent,

194 849 364 898 motique
385 849 449 899 qui
469 849 703 887 remanendo
723 848 983 897 inpudentiam
1003 849 1213 898 paupertati
1235 848 1440 886 adicerent.

249 918 317 952 53.
348 913 451 952 Inter
471 926 570 964 quae
591 913 701 951 refert
720 914 769 950 ad
790 920 915 962 patres
940 913 986 950 de
1014 925 1141 962 poena
1162 912 1390 950 feminarum
1411 925 1510 962 quae

194 979 310 1016 servis
335 979 656 1027 coniungerentur
669 991 678 1024 3
711 978 970 1027 statuiturque,
991 985 1032 1015 ut
1060 978 1194 1026 ignaro
1221 977 1380 1015 domino
1405 978 1455 1015 ad
1474 977 1513 1014 id

194 1043 394 1093 prolapsae
410 1044 448 1079 in
461 1043 644 1088 servitute,
660 1043 717 1080 sin
739 1043 1004 1089 consensisset,
1022 1054 1091 1091 pro
1112 1042 1253 1079 libertis
1273 1042 1511 1080 haberentur.

137 1118 174 1150 15
194 1108 363 1154 Pallanti,
393 1119 507 1157 quem
536 1113 769 1157 repertorem
808 1107 889 1145 eius
927 1107 1121 1145 relationis
1159 1107 1327 1145 ediderat
1358 1106 1511 1153 Caesar,
1530 1117 1552 1146 2

193 1173 382 1223 praetoria
400 1172 563 1222 insignia
582 1178 618 1210 et
641 1172 809 1210 centiens
830 1172 1108 1222 quinquagiens
1133 1172 1344 1210 sestertium
1366 1172 1511 1210 censuit

193 1238 326 1276 consul
365 1238 585 1288 designatus
634 1237 756 1275 Barea
808 1236 986 1275 Soranus.
1059 1237 1232 1275 additum
1270 1250 1293 1274 a
1332 1236 1552 1286 Scipione3

193 1302 373 1341 Cornelio
393 1310 518 1352 grates
538 1303 689 1352 publice
709 1302 891 1351 agendas,
910 1302 1014 1351 quod
1029 1303 1181 1351 regibus
1201 1302 1389 1340 Arcadiae
1405 1308 1511 1340 ortus

191 1368 430 1406 veterrimam
450 1367 685 1405 nobilitatem
706 1368 788 1405 usui
809 1367 964 1416 publico
993 1374 1243 1416 postponeret
1270 1378 1387 1416 seque
1414 1367 1510 1404 inter

135 1446 174 1468 20
192 1433 384 1471 ministros
423 1434 602 1483 principis
640 1433 769 1470 haberi
819 1432 969 1470 sineret.
1039 1432 1272 1470 adseveravit
1324 1431 1551 1473 Claudius4

190 1505 411 1536 contentum
459 1497 604 1536 honore
649 1497 861 1534 Pallantem
904 1497 1000 1534 intra
1043 1497 1208 1546 priorem
1246 1503 1509 1546 paupertatem

190 1563 401 1600 subsistere.
457 1569 494 1599 et
532 1562 649 1599 fixum
688 1567 744 1599 est
782 1573 866 1600 aere
904 1561 1058 1611 publico
1089 1568 1241 1599 senatus
1279 1561 1507 1608 consultum,
1525 1572 1548 1602 5

190 1639 267 1677 quo
291 1627 486 1665 libertinus
511 1627 669 1665 sestertii
699 1634 753 1664 ter
781 1626 932 1664 miliens
958 1638 1156 1676 possessor
1183 1626 1363 1676 antiquae
1391 1626 1509 1676 parsi-

189 1693 342 1730 moniae
361 1692 536 1730 laudibus
557 1692 831 1731 cumulabatur.

133 1772 171 1804 25
245 1761 315 1796 54.
344 1757 398 1794 At
426 1769 506 1795 non
534 1756 649 1794 frater
670 1757 760 1803 eius,
789 1763 1052 1806 cognomento
1078 1757 1196 1802 Felix,
1224 1756 1304 1805 pari
1332 1756 1508 1795 modera-

189 1823 291 1860 tione
331 1823 480 1870 agebat,
517 1821 594 1859 iam
643 1821 790 1871 pridem
841 1822 1008 1860 Iudaeae
1047 1822 1237 1871 inpositus
1288 1829 1325 1859 et
1374 1827 1510 1859 cuncta

189 1887 390 1925 malefacta
420 1887 491 1925 sibi
521 1887 661 1936 inpune
695 1893 798 1924 ratus
832 1892 936 1924 tanta
968 1887 1142 1936 potentia
1183 1886 1359 1924 subnixo.
1416 1895 1548 1924 sane2

189 1953 442 2002 praebuerant
469 1951 600 1989 Iudaei
630 1952 799 2000 speciem
819 1956 947 1989 motus
971 1958 1054 1989 orta
1088 1950 1282 1997 seditione,
1302 1957 1508 2000 postquam

191 2018 209 2037 '¹‘
229 2017 247 2037 ’¹‘
272 2015 290 2036 *
313 2017 468 2066 cognita
495 2016 611 2054 caede
637 2017 717 2053 eius
743 2015 847 2053 haud
867 2017 1177 2064 obtemperatum
1198 2022 1308 2061 esset,
1329 2016 1507 2053 manebat

130 2095 171 2127 30
188 2090 311 2120 metus
337 2094 386 2119 ne
407 2082 491 2130 quis
512 2081 729 2131 principum
753 2080 887 2118 eadem
914 2080 1156 2129 imperitaret.
1217 2087 1331 2130 atque
1356 2080 1506 2117 interim
1523 2087 1546 2117 3

189 2148 293 2185 Felix
322 2145 594 2195 intempestivis
623 2144 798 2182 remediis
831 2144 965 2182 delicta
997 2145 1242 2190 accendebat,
1273 2145 1423 2182 aemulo
1456 2144 1506 2182 ad

189 2212 388 2250 deterrima
414 2210 595 2248 Ventidio
620 2209 809 2255 Cumano,
832 2209 891 2246 cui
920 2221 1007 2257 pars
1038 2209 1253 2257 provinciae
1283 2209 1505 2255 habebatur,

188 2278 239 2315 ita
259 2276 394 2321 divisis,
415 2282 454 2313 ut
479 2275 566 2312 huic
587 2268 847 2312 Galilaeorum
877 2274 992 2319 natio,
1019 2273 1133 2311 Felici
1161 2273 1369 2311 Samaritae
1394 2285 1502 2323 pare-
