1634 2640
67 99 141 126 Αω.
162 83 233 137 3³·]
337 90 486 122 LIBER
513 90 569 121 ιν.
631 89 729 121 CAP.
758 95 802 130 19
826 82 990 133 (25J-23
1014 83 1109 132 (29)-

66 196 200 235 horam
220 195 479 245 comperisset,
502 205 616 243 quem
639 200 718 230 tum
740 203 896 237 annum,
918 192 1070 241 qualem
1092 192 1191 228 diem
1214 191 1379 228 haberet.

26 261 129 300 «ille
155 260 298 312 positus
325 259 490 298 siderum
516 270 561 296 ac
591 257 712 307 spatia
738 257 933 295 dimensus
960 257 1112 294 haerere
1139 256 1272 305 primo,
1293 256 1380 292 dein

67 338 280 378 pavescere,
300 332 338 364 et
357 331 543 374 quantum
569 322 842 372 introspiceret,
864 321 985 371 magis
1006 333 1050 358 ac
1071 321 1192 369 magis
1213 321 1381 369 trepidus

67 390 327 430 admirationis
359 397 397 427 et
430 396 565 435 metm,
600 395 796 437 postremo
830 386 1017 424 exclamat
1051 386 1274 434 ambiguum
1314 385 1382 420 sibi

27 467 51 497 5
69 467 114 493 ac
138 467 258 506 prope
286 455 459 492 ultimum
487 454 692 492 discrimen
724 453 874 490 instare.
943 459 1023 489 tum
1047 450 1272 500 complexus
1295 461 1381 486 eum
1403 464 1419 495 5

70 519 248 559 Tiberius
267 520 482 570 praescium
509 518 764 569 periculorum
794 525 830 555 et
851 516 1081 554 incolumem
1102 515 1182 552 fore
1203 521 1381 563 gratatur,

69 597 244 636 quaeque
263 585 408 623 dixerat
427 583 542 623 oracli
562 583 642 621 vice
670 582 863 632 accipiens
883 582 978 619 inter
999 581 1153 618 intimos
1173 579 1383 617 amicorum

68 657 184 689 tenet.

125 720 180 755 22
199 716 296 767 (28).
327 714 405 754 Sed
424 714 515 752 mihi
529 714 622 752 haec
639 726 683 752 ac
700 713 787 751 talia
803 712 970 750 audienti
986 712 1025 749 in
1045 712 1188 749 incerto
1206 710 1384 747 iudicium

70 788 138 828 est,
160 781 287 819 fatone
312 792 371 819 res
397 779 617 818 mortalium
640 785 678 817 et
707 778 931 816 necessitate
957 776 1183 813 immutabili
1212 788 1261 812 an
1291 774 1385 812 forte
1408 789 1445 810 10

30 847 276 886 svolvantur.
323 845 465 895 quippe
504 844 805 894 sapientissimos
843 849 1013 880 veterum
1056 842 1197 890 quique
1244 846 1386 878 sectam

70 923 203 950 eorum
249 910 488 949 aemulantur
537 910 705 948 diversos
753 908 930 958 reperias,
971 919 1015 945 ac
1063 906 1190 944 multis
1236 905 1386 943 insitam

71 977 293 1028 opinionem
312 987 393 1014 non
411 975 516 1013 initia
535 975 665 1021 nostri,
683 986 762 1012 non
783 973 910 1019 finem,
928 984 1006 1010 non
1027 971 1192 1020 denique
1211 970 1386 1008 homines

71 1043 128 1081 dis
155 1054 289 1089 curae;
319 1041 405 1080 ideo
433 1040 660 1079 creberrime
690 1039 807 1077 tristia
835 1038 874 1076 in
903 1038 1040 1083 bonos,
1066 1037 1163 1074 laeta
1191 1034 1294 1085 apud
1323 1034 1387 1071 de-

29 1117 53 1147 8
72 1107 227 1146 teriores
259 1118 352 1145 esse.
421 1112 553 1144 contra
584 1105 644 1142 alii
685 1104 803 1142 fatum
837 1102 991 1153 quidem
1024 1112 1235 1151 congruere
1274 1101 1387 1137 rebus
1409 1113 1445 1145 15

70 1179 217 1224 putant,
250 1172 317 1210 sed
354 1183 435 1210 non
464 1183 486 1208 e
516 1170 621 1220 vagis
659 1169 785 1215 stellis,
820 1180 950 1206 verum
990 1167 1091 1216 apud
1129 1166 1314 1215 principia
1353 1171 1388 1202 et

71 1249 193 1276 nexus
229 1237 458 1275 naturalium
495 1246 720 1280 causarum;
768 1245 813 1271 ac
852 1240 981 1270 tamen
1029 1232 1253 1269 electionem
1293 1230 1389 1266 vitae

72 1304 185 1341 nobis
218 1303 446 1353 relinquunt,
479 1312 596 1351 quarn
629 1299 694 1337 ubi
728 1298 898 1348 elegeris,
931 1302 1079 1335 certum
1111 1295 1389 1333 imminentium

30 1369 257 1408 4ordinem.
313 1379 437 1417 neque
463 1365 563 1404 mala
588 1364 646 1402 vel
671 1364 775 1401 bona
801 1375 899 1413 quae
919 1362 1053 1411 vulgus
1079 1368 1207 1410 putet:
1238 1359 1388 1405 multos,

73 1433 137 1483 qui
157 1432 369 1472 conflictari
386 1431 553 1470 adversis
573 1430 783 1474 videantur,
805 1429 951 1473 beatos,
973 1434 1010 1464 at
1033 1427 1236 1476 plerosque
1257 1437 1390 1475 quam-
1411 1438 1450 1460 20

73 1511 188 1548 quam
209 1510 369 1548 magnas
399 1509 468 1546 per
495 1507 591 1545 opes
615 1494 859 1539 miserrimos,
881 1493 911 1530 si
941 1492 991 1529 illi
1020 1503 1174 1541 gravem
1198 1490 1389 1527 fortunam

32 1575 56 1607 5
74 1570 293 1602 constanter
312 1562 486 1607 tolerent,
507 1561 543 1598 hi
566 1571 749 1609 prospera
769 1557 983 1596 inconsulte
1004 1562 1166 1593 utantur.
1224 1560 1390 1592 ceterum

73 1629 244 1679 plurimis
269 1627 483 1666 mortalium
506 1638 587 1664 non
616 1625 790 1662 eximitur
816 1623 908 1672 quin
940 1622 1065 1672 primo
1096 1621 1278 1669 cuiusque
1305 1625 1391 1656 ortu

74 1701 230 1732 ventura
266 1693 509 1738 destinentur,
548 1691 614 1728 sed
657 1689 845 1739 quaedam
885 1699 994 1725 secus
1031 1698 1147 1736 quarn
1185 1685 1284 1722 dicta
1317 1684 1391 1721 sint

74 1759 222 1805 cadere,
243 1759 396 1796 fallaciis
424 1758 557 1806 ignara
585 1755 816 1793 dicentium:
848 1754 898 1790 ita
925 1752 1116 1801 corrumpi
1146 1750 1261 1788 fidem
1290 1749 1390 1794 artis,
1412 1762 1449 1794 25

76 1825 183 1862 cuius
220 1824 319 1862 clara
357 1823 589 1861 documenta
628 1828 665 1858 et
703 1814 859 1868 antiqua
889 1824 992 1856 aetas
1023 1824 1059 1854 et
1093 1823 1221 1853 nostra
1259 1814 1390 1851 tulerit.

35 1891 217 1940 equippe
247 1902 270 1927 a
300 1888 376 1926 filio
408 1886 579 1926 eiusdem
617 1884 808 1922 Thrasulli
847 1883 1084 1933 praedictum
1117 1879 1283 1918 Neronis
1323 1880 1392 1915 im-

76 1955 223 2004 perium
256 1955 295 1992 in
327 1961 499 2003 ternpore
530 1950 813 1996 memorabitur,
845 1961 893 1986 ne
922 1960 1025 1985 nunc
1059 1947 1212 1995 incepto
1242 1944 1393 1994 longius

76 2020 246 2058 abierim.

131 2089 187 2124 23
219 2082 316 2136 (29).
358 2083 487 2122 Isdem
521 2081 738 2121 consulibus
772 2079 896 2118 Asinii
933 2077 1032 2116 Galli
1070 2088 1177 2114 mors
1210 2074 1392 2124 vulgatur,
1413 2086 1454 2120 30

76 2161 194 2201 quem
230 2155 398 2200 egestate
438 2148 511 2186 cibi
544 2152 787 2198 peremptum
822 2144 922 2182 haud
962 2142 1132 2188 dubium,
1168 2146 1304 2190 sponte
1337 2139 1393 2176 vel

37 2224 60 2254 2
78 2214 312 2260 necessitate,
342 2214 527 2252 incertum
561 2212 782 2257 habebatur.
852 2207 1127 2257 consultusque
1166 2205 1307 2244 Caesar
1345 2216 1394 2241 an

77 2279 227 2331 sepeliri
261 2279 409 2326 sineret,
444 2289 524 2317 non
558 2277 707 2316 erubuit
746 2274 965 2325 permittere
1005 2272 1181 2321 ultroque
1220 2270 1394 2308 incusare
