1634 2640
138 101 215 128 mn.
236 85 308 141 49.]
490 93 638 125 LIBER
669 93 755 126 ml.
818 94 917 126 CAP.
952 91 1090 126 12—16.

137 197 352 246 increpans,
392 197 545 234 auribus
578 196 714 234 decisis
743 197 865 234 vivere
899 198 1012 241 iubet,
1043 200 1206 236 ostentui
1235 200 1456 237 clementiae

95 264 117 296 7
137 273 225 300 suae
245 268 282 300 et
308 263 346 299 in
371 273 443 300 nos
462 261 815 300 dehonestamento.
872 261 959 299 dein
980 261 1162 300 Gotarzes
1189 265 1326 301 morbo
1352 265 1455 310 obiit,

95 339 118 368 8
138 327 355 377 accitusque
375 327 413 364 in
435 339 596 376 regnum
617 326 803 364 Vonones
825 326 965 364 Medos
985 332 1065 363 tum
1087 328 1316 376 praesidens.
1356 329 1458 366 nulla

137 392 224 430 huic
269 404 452 442 prospera
495 398 558 429 aut
601 391 767 436 adversa,
807 391 890 440 quis
935 399 1231 429 memoraretur:
1278 393 1379 429 brevi
1422 401 1458 430 et

137 457 300 507 inglorio
328 457 488 506 imperio
518 456 739 506 perfunctus
762 463 830 502 est,
859 468 994 506 resque
1019 456 1245 493 Parthorum
1275 457 1313 493 in
1341 457 1457 494 filium
1476 470 1493 502 5

138 522 218 560 eius
247 521 470 571 Vologesen
491 522 706 559 translatae.

191 591 254 626 15.
285 587 336 624 At
357 587 596 624 Mithridates
617 586 865 636 Bosporanus
881 587 1026 625 amissis
1047 588 1183 637 opibus
1203 599 1333 637 vagus,
1354 594 1460 637 post-

139 665 253 703 quam
282 651 440 689 Didium
470 652 609 690 ducem
640 651 862 689 Romanum
898 653 1088 702 roburque
1118 653 1304 690 exercitus
1337 653 1461 690 abisse

141 724 385 767 cognoverat,
417 717 567 755 relictos
597 718 635 754 in
662 729 764 755 novo
791 730 910 766 regno
930 718 1071 767 Cotym
1101 719 1252 755 iuventa
1273 717 1406 755 rudem
1426 724 1462 755 et

138 795 282 832 paucas
305 782 520 820 cohortium
545 794 631 820 cum
661 782 760 820 Iulio
784 782 926 832 Aquila
955 783 1079 832 equite
1108 782 1301 828 Romano,
1329 783 1461 832 spretis
1483 795 1522 817 10

139 849 304 898 utrisque
337 848 486 886 concire
520 848 704 894 nationes,
738 847 891 886 inlicere
926 848 1129 898 perfugas,
1172 855 1366 897 postremo
1397 860 1461 886 ex-

140 914 257 951 ercitu
277 920 413 951 coacto
434 925 564 962 regem
584 912 894 951 Dandaridarum
916 914 1088 951 exturbat
1117 913 1356 963 imperioque
1381 913 1462 950 eius

100 990 122 1018 2
140 979 290 1029 potitur.
348 990 445 1028 quae
462 979 526 1016 ubi
540 979 693 1027 cognita
706 984 742 1015 et
761 978 838 1015 iam
855 979 1007 1027 iamque
1027 978 1245 1028 Bosporum
1265 978 1462 1015 invasurus

142 1044 361 1090 habebatur,
389 1043 500 1081 diffisi
527 1044 690 1093 propriis
709 1043 849 1080 viribus
877 1043 1017 1092 Aquila
1036 1050 1073 1080 et
1101 1042 1229 1092 Cotys,
1259 1043 1348 1092 quia
1371 1042 1462 1081 Zor-

143 1109 244 1147 sines
275 1108 492 1147 Siracorum
521 1121 585 1147 rex
623 1108 774 1146 hostilia
811 1115 1078 1158 resumpserat,
1108 1115 1282 1146 externas
1319 1115 1355 1146 et
1392 1109 1462 1158 ipsi
1483 1122 1520 1154 15

141 1174 281 1224 gratias
300 1174 517 1223 quaesivere
545 1174 670 1212 missis
699 1174 832 1222 legatis
859 1174 909 1211 ad
937 1173 1140 1220 Eunonen,
1167 1174 1231 1223 qui
1251 1173 1463 1212 Aorsorum

101 1249 123 1279 3
141 1240 245 1290 genti
279 1240 496 1289 praesidens
539 1239 664 1289 opibus
710 1239 973 1288 praecellebat.
1043 1251 1114 1277 nec
1152 1239 1221 1276 fuit
1267 1239 1306 1276 in
1344 1239 1464 1276 arduo

143 1305 302 1343 societas
325 1306 536 1354 potentiam
563 1304 783 1342 Romanam
810 1304 989 1342 adversus
1013 1304 1192 1342 rebellem
1215 1303 1464 1342 Mithridaten

141 1370 426 1408 ostentantibus.
483 1370 595 1419 igitur
623 1370 814 1420 pepigere,
841 1370 1078 1420 equestribus
1104 1370 1258 1419 proeliis
1281 1369 1466 1408 Eunones

143 1439 312 1479 certaret,
332 1431 480 1470 obsidia
494 1432 644 1469 urbium
665 1432 833 1470 Romani
854 1439 1107 1482 capesserent.
1484 1451 1524 1474 20

196 1502 258 1536 16.
289 1497 403 1535 Tunc
433 1498 647 1547 composito
676 1497 828 1546 agmine
867 1497 1060 1543 incedunt,
1091 1498 1197 1535 cuius
1226 1497 1390 1536 frontem
1428 1504 1465 1536 et

143 1569 250 1612 terga
276 1562 401 1608 Aorsi,
428 1562 554 1600 media
581 1562 760 1600 cohortes
785 1569 821 1600 et
846 1561 1063 1612 Bosporani
1090 1563 1309 1600 tutabantur
1328 1563 1466 1601 nostris

104 1629 182 1670 2in
217 1628 342 1665 armis.
396 1628 450 1664 sic
489 1627 618 1676 pulsus
661 1626 788 1672 hostis,
820 1634 1054 1676 ventumque
1087 1627 1236 1674 Sozam,
1278 1628 1464 1677 oppidum

145 1692 395 1738 Dandaricae,
444 1692 549 1742 quod
591 1693 782 1730 desertum
831 1704 853 1729 a
901 1692 1120 1730 Mithridate
1167 1694 1218 1730 ob
1265 1693 1466 1742 ambiguos

145 1757 389 1809 popularium
438 1758 588 1796 animos
626 1757 788 1807 optineri
827 1757 955 1795 relicto
1003 1758 1053 1794 ibi
1104 1757 1294 1807 praesidio
1330 1759 1522 1808 visumj25

105 1824 248 1864 aexim
285 1823 324 1860 in
365 1821 515 1860 Siracos
554 1829 729 1872 pergunt,
769 1829 806 1860 et
843 1823 1068 1871 transgressi
1102 1835 1257 1860 amnem
1291 1822 1465 1861 Pandam

145 1888 443 1927 circumveniunt
472 1888 604 1925 urbem
639 1887 785 1937 Uspen,
823 1888 963 1925 editam
1001 1888 1088 1926 loco
1118 1894 1154 1925 et
1186 1888 1389 1926 moenibus
1420 1901 1465 1926 ac

145 1953 256 1991 fossis
284 1953 481 1999 munitam,
511 1953 582 1990 nisi
611 1953 716 2002 quod
744 1953 897 1990 moenia
924 1965 1003 1990 non
1034 1964 1130 1990 saxo
1153 1953 1220 1990 sed
1245 1954 1409 1991 cratibus
1428 1960 1465 1991 et

147 2019 322 2056 vimentis
358 2030 403 2056 ac
440 2018 567 2055 media
608 2017 726 2055 humo
760 2018 961 2055 adversum
1003 2018 1264 2067 inrumpentes
1301 2018 1466 2056 invalida

148 2090 254 2121 erant
262 2095 271 2129 ;
301 2083 538 2132 eductaeque
559 2083 669 2120 altius
689 2089 808 2120 turres
830 2082 974 2120 facibus
995 2088 1108 2132 atque
1128 2082 1245 2120 hastis
1264 2084 1465 2121 turbabant
1483 2100 1525 2131 30

106 2157 131 2187 4
149 2149 338 2186 obsessos.
393 2159 438 2185 ac
462 2147 501 2184 ni
527 2147 715 2198 proelium
743 2159 820 2185 nox
838 2147 1062 2193 diremisset,
1088 2154 1224 2196 coepta
1243 2154 1465 2198 patrataque

149 2213 384 2263 expugnatio
403 2212 569 2250 eundem
588 2213 685 2250 intra
705 2213 806 2250 diem
826 2211 931 2251 foret.

204 2282 265 2317 1¹7.
297 2277 456 2314 Postero
500 2277 634 2316 misere
675 2277 832 2327 legatos,
878 2276 1027 2314 veniam
1073 2276 1200 2314 liberis
1243 2277 1466 2327 corporibus
