1643 2655
441 87 678 119 CORNELII
708 87 877 119 TACITJ
902 88 1178 119 ANNALIUM
1244 80 1341 134 [A.U.
1357 95 1388 122 C.
1413 91 1483 131 735.

222 194 272 229 V.
292 195 336 229 11
355 189 441 242 (VI.
465 189 515 242 6).
572 191 687 228 Exitu
717 192 804 228 anni
836 192 899 229 diu
926 198 1036 228 aucta
1060 191 1253 229 discordia
1279 192 1480 230 consulum

168 256 300 306 erupit.
369 269 457 294 nam
500 257 607 302 Trio,
647 256 765 294 facilis
803 257 1048 305 capessendis
1086 256 1287 294 inimicitiis
1324 263 1360 294 et
1397 257 1481 295 foro

167 322 365 368 exercitus,
386 327 427 358 ut
449 334 606 371 segnem
628 321 819 370 Regulum
841 321 889 358 ad
909 321 1181 370 opprimendos
1203 321 1331 358 Seiani
1351 322 1482 359 minis-

166 392 244 424 tros
272 386 424 436 oblique
454 387 745 437 perstrinxerat:
784 386 856 431 ille,
888 386 958 423 nisi
988 386 1244 431 lacesseretur,
1274 386 1482 424 modestiae
1500 393 1522 422 2

130 465 149 498 5
168 451 344 497 retinens,
375 463 455 489 non
485 451 602 488 modo
631 451 782 489 rettudit
812 450 1009 499 collegam,
1038 450 1105 488 sed
1133 457 1175 487 ut
1203 451 1364 488 noxium
1394 463 1482 490 con·

169 517 362 554 iurationis
407 516 455 553 ad
494 516 794 564 disquisitionem
834 515 1013 552 trahebat.
1089 515 1290 564 multisque
1332 522 1480 565 patrum
1501 522 1522 551 3

166 581 359 618 orantibus
389 587 576 629 ponerent
600 580 687 617 odia
714 580 753 616 in
776 580 982 629 perniciem
1006 580 1112 626 itura,
1139 591 1314 618 mansere
1345 580 1480 618 infensi

167 657 211 683 ac
231 646 459 691 minitantes,
483 645 606 682 donec
626 645 846 694 magistratu
868 646 1023 682 abirent.

219 713 297 748 VI.
317 715 339 748 1
359 710 429 761 (7)
469 709 539 747 Cn.
566 709 760 747 Domitius
794 717 831 747 et
866 709 1047 748 Camillus
1081 709 1354 748 Scribonianus
1387 722 1480 748 con-

111 790 149 814 io
168 775 331 813 sulatum
369 776 537 821 inierant,
574 787 662 812 cum
702 775 843 813 Caesar
882 776 1057 813 tramisso
1095 776 1200 824 quod
1238 775 1407 825 Capreas
1445 781 1482 812 et

167 841 389 878 Surrentum
418 840 582 878 interluit
608 840 702 877 freto
723 840 977 889 Campaniam
1004 840 1259 889 praelegebat,
1279 841 1481 890 ambiguus

165 918 215 943 an
246 907 379 943 urbem
413 906 578 953 intraret,
613 918 689 953 seu,
727 906 815 955 quia
851 912 983 943 contra
1018 905 1280 951 destinaverat,
1313 906 1479 954 speciem

166 972 310 1008 venturi
344 971 537 1008 simulans.
607 978 643 1008 et
673 983 785 1019 saepe
816 971 853 1007 in
883 970 1098 1019 propinqua
1127 971 1338 1019 degressus,
1371 971 1481 1008 aditis
1499 976 1520 1005 2

166 1035 270 1072 iuxta
308 1034 480 1072 Tiberim
519 1034 648 1081 hortis,
691 1047 782 1072 saxa
821 1047 969 1071 rursum
1008 1042 1046 1072 et
1088 1035 1330 1072 solitudinem
1367 1036 1481 1073 maris

110 1115 146 1147 15
167 1100 321 1149 repetiit,
343 1100 491 1149 pudore
511 1100 695 1137 scelerum
718 1106 754 1137 et
774 1100 985 1146 libidinum,
1008 1100 1146 1149 quibus
1173 1100 1269 1139 adeo
1289 1100 1481 1139 indomitis

165 1172 366 1211 exarserat,
388 1171 430 1202 ut
456 1177 562 1202 more
589 1165 692 1214 regio
719 1166 861 1214 pubem
885 1166 1092 1214 ingenuam
1118 1165 1257 1214 stupris
1282 1165 1479 1215 pollueret.

165 1242 236 1268 nec
256 1230 419 1267 formam
439 1236 584 1267 tantum
613 1238 649 1267 et
674 1230 812 1267 decora
839 1242 1010 1279 corpora,
1034 1235 1090 1267 set
1113 1230 1153 1267 in
1181 1230 1240 1267 his
1265 1230 1478 1268 modestam
1497 1237 1518 1266 3

166 1295 376 1344 pueritiam,
398 1295 438 1331 in
458 1295 538 1331 aliis
558 1295 743 1343 imagines
769 1295 958 1332 maiorum
982 1296 1269 1332 incitamentum
1289 1295 1479 1344 cupidinis

165 1361 342 1398 habebat.
396 1359 674 1409 praepositique
695 1359 802 1405 servi,
823 1360 888 1409 qui
909 1360 1177 1408 conquirerent
1199 1360 1470 1410 pertraherent,
1496 1373 1518 1402 5

109 1440 148 1464 20
162 1428 264 1467 dona
283 1428 322 1465 in
342 1434 555 1477 promptos,
575 1428 699 1465 minas
718 1428 918 1465 adversum
936 1429 1157 1474 abnuentes,
1174 1435 1211 1466 et
1226 1428 1256 1466 si
1272 1429 1476 1466 retinerent

161 1494 397 1542 propinquus
417 1500 480 1530 aut
501 1504 650 1542 parens,
671 1493 747 1529 vim
771 1500 899 1542 raptus
923 1505 1066 1542 suaque
1088 1493 1161 1542 ipsi
1189 1493 1293 1530 libita
1311 1493 1412 1530 velut
1437 1493 1474 1530 in

162 1565 295 1607 captos
315 1558 555 1595 exercebant.

216 1626 242 1659 2
277 1620 346 1674 (8).
380 1623 432 1659 At
466 1622 615 1660 Romae
648 1623 834 1672 principio
866 1623 967 1668 anni,
1004 1622 1113 1672 quasi
1145 1634 1278 1660 recens
1312 1621 1475 1671 cognitis

163 1686 292 1725 Liviae
313 1687 463 1736 flagitiis
483 1700 528 1724 ac
545 1700 623 1724 non
642 1687 789 1736 pridem
809 1688 922 1725 etiam
938 1688 1088 1737 punitis,
1105 1693 1252 1734 atroces
1267 1686 1475 1725 sententiae

106 1765 143 1796 25
162 1752 394 1798 dicebantur,
429 1752 467 1789 in
498 1752 642 1801 effigies
670 1764 823 1802 quoque
857 1765 900 1790 ac
931 1752 1157 1790 memoriam
1186 1752 1276 1798 eius,
1307 1758 1344 1789 et
1371 1751 1475 1789 bona

163 1815 289 1854 Seiani
328 1816 453 1853 ablata
493 1817 636 1854 aerario
673 1823 714 1853 ut
752 1817 789 1853 in
828 1817 963 1854 fiscum
1003 1823 1241 1866 cogerentur,
1277 1823 1473 1865 tamquam

161 1881 326 1919 referret.
386 1880 584 1930 Scipiones
606 1881 699 1918 haec
719 1888 756 1918 et
785 1881 900 1918 Silani
922 1888 958 1918 et
979 1880 1100 1919 Cassii
1127 1881 1248 1918 isdem
1267 1880 1386 1918 ferme
1407 1885 1472 1917 aut
1491 1889 1513 1918 2

162 1946 319 1995 paulurn
339 1947 533 1983 inmutatis
553 1946 686 1991 verbis,
707 1945 988 1983 adseveratione
1008 1945 1126 1982 multa
1145 1946 1362 1990 censebant,
1383 1957 1470 1982 cum

162 2018 317 2060 repente
346 2011 549 2060 Togonius
579 2009 721 2056 Gallus,
752 2010 844 2047 dum
873 2010 1148 2058 ignobilitatem
1183 2021 1291 2047 suam
1321 2009 1472 2059 magnis

101 2089 141 2118 30
163 2076 381 2113 nominibus
409 2076 547 2120 inserit,
569 2088 636 2124 per
660 2075 907 2112 deridiculum
934 2074 1092 2112 auditur.
1149 2087 1239 2112 narn
1259 2074 1470 2124 principem
1491 2084 1512 2113 3

162 2141 296 2178 orabat
320 2141 483 2189 deligere
510 2146 715 2185 senatores,
740 2152 787 2176 ex
807 2140 892 2188 quis
910 2139 1039 2188 viginti
1067 2146 1166 2177 sorte
1193 2139 1295 2177 ducti
1314 2145 1352 2176 et
1374 2138 1473 2176 ferro

168 2206 336 2251 accincti,
367 2203 542 2254 quotiens
578 2203 720 2241 curiam
747 2201 888 2247 inisset,
917 2200 1078 2238 salutem
1105 2201 1184 2238 eius
1211 2200 1470 2240 defenderent.
