1634 2640
132 87 212 114 Λα).
232 73 302 128 32.]
411 80 560 113 LIBER
588 82 645 113 VJ.
707 83 805 114 CAR.
831 88 877 114 10
897 78 1063 127 (16)-15
1085 79 1180 129 (21).

131 183 308 235 quaesitis
330 183 459 230 Samo,
485 184 567 230 Ilio,
590 184 770 234 ErythriS,
794 197 860 234 per
881 185 1050 223 Africam
1075 188 1187 225 etiam
1213 201 1256 227 ac
1279 189 1444 228 Siciliam

131 256 168 287 et
207 248 360 288 Italicas
396 249 578 296 colonias,
620 250 852 287 carminibus
893 250 1083 296 Sibullae.l
1109 264 1183 290 una
1221 266 1284 290 scu
1323 255 1445 303 plures

130 297 262 368 suereffl
276 314 444 364 datoque
473 314 734 353 sacerdotibus
764 315 930 362 negotio,
963 322 1147 364 quantum
1179 316 1343 354 humana
1375 331 1446 367 ope

89 387 112 418 5
131 380 355 429 potuissent,
369 391 456 417 vera
476 379 700 417 discernere.
756 379 868 428 igitur
887 386 976 417 tunc
997 391 1152 430 quoque
1174 381 1317 418 notioni
1338 383 1447 431 quin·

131 444 376 482 decimvimm
395 444 427 482 is
447 444 540 482 liber
560 445 752 483 subicitur.
1160 440 1275 460 ²⁴0³
1296 429 1350 454 ''¹“
1368 444 1388 449 “
1412 445 1425 475 t
1466 457 1484 488 5

183 513 233 548 13
253 508 349 560 (19).
381 509 509 547 Isdem
536 509 758 548 consulibus
788 510 969 560 gravitate
1003 523 1180 549 annonae
1214 511 1317 549 iuxta
1350 512 1446 550 sedi-

130 574 276 612 tionem
313 581 482 623 ventum,
519 575 716 625 multaque
755 582 792 613 et
829 575 956 624 plures
999 587 1067 624 per
1105 575 1184 614 dies
1227 577 1263 613 in
1303 576 1448 615 theatro

129 638 302 677 licentius
340 639 543 689 efflagitata
581 652 697 690 quam
737 640 887 678 solitum
927 622 1124 678 adversum
1169 633 1476 691 imperatorem-l

90 704 214 754 8quis
245 712 462 743 commotus
492 705 678 742 incusavit
711 705 953 754 magistratus
987 712 1198 754 patresque,
1231 707 1334 756 quod
1370 719 1446 744 non

97 754 280 819 *publica
308 770 744 820 auctoritatelpopulum
774 770 1038 816 coercuissent,
1062 770 1281 820 addiditque
1311 772 1447 821 quibus
1469 781 1508 804 10

129 845 176 872 ex
195 834 399 884 provinciis
418 840 455 873 et
475 841 620 885 quanto
641 835 825 873 maiorem
847 847 963 885 quam
987 835 1185 884 Augustus
1205 836 1256 873 rei
1283 836 1447 873 frumen-

90 907 112 936 3
130 899 246 937 tariae
268 900 420 950 copiam
447 900 671 938 advectaret.
728 900 780 937 ita
801 899 1044 949 castigandae
1072 899 1173 948 plebi
1193 900 1446 949 compositum

129 969 284 1002 senatus
313 965 528 1003 consultum
540 962 681 1014 lprisca
709 964 915 1013 severitate,
938 976 1062 1014 neque
1089 965 1242 1013 segnius
1271 965 1445 1002 consules

89 1035 112 1065 4
131 1029 291 1068 edixere.
347 1029 537 1067 silentium
572 1030 689 1079 ipsius
726 1040 806 1067 non
838 1028 961 1101 GiYil-{a
987 1036 1028 1067 ut
1061 1029 1281 1075 crediderat,
1312 1029 1378 1067 sed
1407 1029 1445 1066 in

129 1095 348 1144 superbiam
367 1095 632 1144 accipiebatur.
775 1082 801 1133 3³
816 1084 927 1113 Μ
1466 1105 1505 1138 15

184 1164 236 1198 14
254 1158 350 1212 (20).
382 1160 476 1198 Fine
505 1161 594 1198 anni
623 1160 836 1206 Geminius,
867 1160 1013 1207 Celsus,
1050 1160 1266 1210 Pompeius,
1300 1159 1446 1209 equites

131 1225 311 1271 Romani,
341 1225 511 1264 cecidere
524 1214 811 1267 {coniurationis
840 1212 1018 1272 crimine}
1058 1237 1104 1263 ex
1135 1225 1218 1275 quis
1247 1224 1446 1263 Geminius

129 1291 371 1341 prodigentia
398 1302 517 1340 opum
545 1303 590 1329 ac
619 1291 777 1329 mollitia
806 1290 1075 1345 vitanamicus
1105 1289 1256 1336 Seiano,
1277 1289 1368 1326 nihil
1397 1288 1447 1326 ad

89 1363 113 1394 2
131 1356 278 1395 serium.
328 1363 366 1394 et
385 1356 503 1394 Iulius
523 1355 659 1394 Celsus
680 1356 853 1393 tribunus
873 1355 912 1392 in
933 1355 1067 1393 vinclis
1087 1355 1252 1392 laxatam
1264 1350 1446 1393 lc'atenam

129 1428 167 1460 et
197 1421 472 1460 circumdatam
495 1414 550 1480 'in
589 1421 777 1458 diversum
811 1420 972 1458 tendens
1003 1431 1113 1458 suam
1144 1420 1225 1468 ipse
1259 1419 1445 1456 cervicem
1467 1430 1507 1454 20

89 1486 318 1536 8perfregit.
344 1495 352 1547 Ι
375 1493 414 1524 at
452 1486 601 1524 Rubrio
640 1485 798 1531 Fabato,
839 1480 1058 1534 tamquam!
1082 1484 1287 1533 desperatis
1333 1484 1446 1520 rebus

131 1550 320 1589 Romanis
367 1550 594 1589 Parthorum
641 1550 690 1588 ad
737 1550 1034 1587 misericordiam
1077 1548 1232 1597 fugeret,
1265 1543 1446 1596 {custodes

87 1616 261 1654 4additi.
317 1627 409 1654 sane
439 1615 472 1654 is
501 1621 673 1665 repertus
707 1614 809 1664 apud
840 1613 976 1651 fretum
1009 1606 1446 1667 Siciliaelretractusque

131 1693 199 1731 per
228 1680 494 1718 centurionem
522 1679 644 1717 nullas
671 1678 890 1729 probabiles
920 1690 1054 1716 causas
1083 1677 1313 1727 longinquae
1339 1689 1447 1727 pere-

131 1745 356 1796 grinationis
395 1744 612 1783 adferebat:
661 1745 802 1782 mansit
840 1750 968 1781 tamen
1006 1742 1219 1788 incolumis,
1258 1742 1445 1780 oblivione
1466 1752 1505 1784 25

131 1811 254 1861 magis
283 1823 402 1860 quam
432 1810 644 1848 clementia.

184 1881 235 1914 15
257 1874 353 1927 (21).
385 1874 464 1913 Ser.
483 1874 610 1913 Galba
636 1874 680 1912 L.
704 1873 807 1912 Sulla
833 1870 1140 1925 consulibusldiu
1160 1872 1332 1923 quaesito
1351 1883 1448 1922 quos

132 1941 309 1991 neptibus
338 1941 415 1979 suis
444 1929 1016 1999 maritosidestinaretlCaesar,
1048 1945 1254 1987 postquam
1287 1937 1449 1974 instabat

91 2007 321 2058 svirginum
357 2018 402 2045 ae
444 2018 473 2053 s,
509 2006 553 2044 L.
586 2006 775 2052 Cassium,
807 2005 863 2042 M.
896 2004 1090 2042 Vinicium
1129 2003 1228 2052 legit.
1297 2001 1448 2039 Vinicio

28 2013 554 2134 Wfffflfflfflo‘gknus:
602 2071 760 2109 Calibus
797 2078 912 2116 ortus,
953 2076 1059 2119 patre
1099 2075 1211 2118 atque
1249 2079 1320 2106 avo
1354 2079 1447 2104 con·
1467 2074 1510 2107 30

132 2137 329 2183 sularibus,
351 2132 500 2175 {cetera
546 2136 709 2187 equestri
757 2135 898 2173 familia
945 2141 1034 2180 erat,
1073 2134 1172 2170 mitis
1211 2132 1367 2182 ingenio
1413 2138 1450 2169 et

91 2209 115 2240 8
133 2208 311 2251 comptae
337 2201 547 2240 facundiae.
604 2201 760 2240 Cassius
789 2200 924 2250 plebeii
961 2199 1108 2237 Rornae
1136 2197 1298 2248 generis,
1319 2209 1449 2235 verum

134 2266 280 2317 antiqui
300 2265 565 2316 honoratique,
585 2273 623 2304 et
642 2277 771 2304 severa
801 2265 917 2315 patris
938 2263 1138 2314 disciplina
1157 2263 1314 2300 eductus
1334 2261 1449 2299 facili-
