1643 2655
479 98 718 130 CORNELII
748 99 918 131 TACJTJ
942 100 1219 132 ANNALJUM
1274 93 1415 147 [mue.
1435 102 1510 135 806.

193 201 348 250 remigii,
387 203 678 252 gubernantium
727 210 835 249 artes,
871 204 1035 253 impetus
1087 205 1240 242 navium
1291 212 1328 243 et
1365 205 1510 254 proelio

193 266 313 304 solita.
369 267 407 304 in
436 268 577 305 ratibus
606 268 876 317 praetoriarum
902 269 1113 307 cohortium
1140 270 1320 319 manipuli
1346 277 1508 308 turmae·
1524 279 1548 310 8

191 343 267 380 que
288 331 517 378 adstiterant,
539 334 760 382 antepositis
784 334 1092 383 propugnaculis,
1114 347 1160 371 ex
1188 335 1272 384 quis
1298 336 1509 385 catapultae

192 390 438 446 ballistaeque
467 397 719 434 tenderentur.
779 398 921 447 reliqua
945 398 1047 436 lacus
1073 399 1249 436 classiarii
1277 400 1385 437 tectis
1408 400 1510 437 navi-

154 477 173 510 5
192 461 262 498 bus
282 462 513 499 obtinebant.
571 463 670 511 ripas
691 469 728 500 et
749 463 864 500 colles
885 464 1150 513 montiumque
1171 464 1274 501 edita
1293 464 1332 500 in
1352 463 1510 502 modum
1526 473 1552 503 4

192 526 324 564 theatri
344 526 544 565 multitudo
571 528 769 564 innumera
797 528 1008 578 complevit,
1033 529 1219 578 proximis
1244 541 1265 566 e
1295 529 1511 578 municipiis

191 597 227 628 et
252 592 312 628 alii
338 592 428 629 urbe
448 604 495 630 ex
516 592 608 641 ipsa,
631 592 775 630 visendi
796 593 973 642 cupidine
994 600 1058 631 aut
1078 593 1205 631 officio
1226 593 1264 630 in
1285 593 1508 643 principem.

192 656 271 704 ipse
300 656 437 705 insigni
460 656 734 705 paludamento
761 670 886 708 neque
915 659 1048 708 procul
1074 658 1285 707 Agrippina
1312 657 1510 707 chlamyde
1527 671 1550 701 5

191 728 321 759 aurata
340 722 576 771 praesedere.
619 729 830 771 pugnatum
845 735 1080 772 quamquam
1096 723 1193 760 inter
1209 729 1335 760 sontes
1355 722 1510 760 fortium

136 802 174 825 10
191 787 355 823 virorum
375 787 516 832 animo,
537 799 581 825 ac
602 794 690 836 post
709 784 872 825 multum
900 788 1098 825 vulnerum
1125 787 1318 825 occidioni
1345 786 1510 836 exempti

192 859 288 889 sunt.

245 921 311 956 57.
344 916 418 954 Sed
439 917 606 966 perfecto
623 917 839 967 spectaculo
856 925 1029 967 apertum
1043 929 1228 967 aquarum
1244 918 1324 955 iter.
1365 917 1510 955 incuria

190 982 315 1030 operis
344 982 544 1019 manifesta
573 983 649 1027 fuit,
681 983 782 1020 haud
814 982 902 1020 satis
932 982 1099 1031 depressi
1130 982 1178 1020 ad
1213 983 1316 1020 lacus
1345 982 1422 1020 ima
1451 982 1510 1020 vel

190 1046 325 1084 media.
382 1059 516 1097 eoque,
551 1053 722 1096 tempore
754 1048 962 1093 interiecto,
993 1047 1101 1084 altius
1131 1047 1260 1085 effossi
1294 1059 1442 1096 specus,
1473 1052 1550 1087 et2

133 1126 171 1159 15
191 1111 472 1149 contrahendae
522 1124 649 1149 rursus
687 1112 918 1150 multitudini
956 1111 1210 1161 gladiatorum
1250 1111 1509 1161 spectaculum

190 1176 322 1221 editur,
363 1176 488 1213 inditis
526 1177 708 1226 pontibus
753 1177 966 1226 pedestrem
1004 1176 1052 1214 ad
1091 1189 1273 1226 pugnam.
1341 1177 1434 1227 quin
1472 1183 1548 1217 eta

190 1241 403 1279 convivium
423 1242 570 1280 effluvio
598 1242 701 1280 lacus
725 1242 942 1292 adpositum
961 1254 1102 1291 magna
1126 1236 1328 1279 fo'rmidine
1349 1248 1508 1280 cunctos

191 1305 337 1352 adfecit,
373 1307 462 1356 quia
499 1307 553 1343 vis
592 1318 777 1355 aquarum
816 1319 1068 1356 prorumpens
1107 1307 1284 1357 proxima
1323 1306 1506 1352 trahebat,

190 1372 379 1409 convulsis
404 1371 645 1409 ulterioribus
671 1378 735 1409 aut
754 1372 903 1421 fragore
933 1379 968 1409 et
996 1373 1123 1410 sonitu
1147 1372 1341 1410 exterritis.
1399 1371 1551 1411 simul4

132 1450 173 1474 20
191 1436 402 1486 Agrippina
430 1437 679 1486 trepidatione
708 1438 888 1486 principis
917 1450 986 1475 usa
1015 1438 1228 1475 ministrum
1257 1437 1382 1486 operis
1411 1436 1509 1474 Nar-

190 1502 330 1539 cissum
368 1502 516 1539 incusat
550 1502 736 1551 cupidinis
777 1515 821 1540 ac
858 1502 1098 1551 praedarum.
1156 1514 1227 1540 nec
1266 1502 1328 1539 ille
1369 1501 1548 1547 reticet‚5

189 1567 440 1616 inpotentiam
469 1567 693 1604 muliebrem
722 1567 934 1617 nimiasque
962 1579 1049 1617 spes
1077 1568 1157 1605 eius
1186 1579 1359 1616 arguens.

244 1636 315 1670 58.
346 1631 394 1671 D.
419 1632 530 1669 Iunio
550 1631 600 1678 Q.
622 1632 783 1670 Haterio
810 1633 1029 1671 consulibus
1055 1633 1221 1671 sedecim
1253 1644 1374 1671 annos
1398 1638 1509 1670 natus

190 1697 295 1734 Nero
335 1697 536 1735 Octaviam
574 1696 748 1735 Caesaris
786 1697 901 1734 filiam
939 1698 978 1734 in
1022 1698 1309 1735 matrimonium
1348 1698 1505 1747 accepit.

132 1775 169 1807 25
189 1768 304 1811 utque
325 1762 457 1800 studiis
477 1762 645 1800 honestis
673 1767 706 1799 et
728 1762 967 1812 eloquentiae
993 1763 1114 1812 gloria
1141 1762 1371 1808 enitesceret,
1393 1773 1509 1800 eausa

188 1826 383 1864 Iliensium
422 1832 606 1876 suscepta,
647 1826 870 1864 Romanum
910 1827 1030 1864 Troia
1068 1827 1276 1865 demissum
1314 1834 1350 1864 et
1387 1826 1507 1864 Iuliae

188 1892 310 1940 stirpis
337 1898 530 1929 auctorem
553 1891 726 1929 Aeneam
750 1891 897 1941 aliaque
927 1891 1029 1929 haud
1058 1891 1192 1941 procul
1219 1891 1354 1928 fabulis
1381 1898 1506 1929 vetera

188 1956 351 1994 facunde
371 1963 571 1994 exsecutus
591 1963 791 2005 perpetrat,
811 1964 852 1993 ut
872 1956 1031 1994 Ilienses
1051 1957 1157 1994 omni
1177 1955 1329 2005 publico
1349 1967 1505 1994 munere

189 2021 430 2060 solverentur.
471 2021 610 2059 eodem
626 2028 776 2059 oratore
797 2020 1035 2058 Bononiensi
1056 2021 1228 2058 coloniae
1247 2021 1328 2069 igni
1347 2020 1503 2058 haustae
1520 2025 1544 2056 2

129 2098 171 2130 30
189 2087 416 2123 subventum
454 2086 622 2124 centiens
659 2086 816 2124 sestertii
866 2085 1075 2134 largitione.
1143 2085 1290 2123 reddita
1343 2084 1504 2123 Rhodiis

188 2150 348 2196 libertas,
382 2150 561 2200 adempta
599 2163 712 2200 saepe
743 2157 806 2188 aut
844 2150 1003 2196 firmata,
1045 2156 1156 2199 prout
1193 2150 1301 2188 bellis
1339 2149 1506 2188 externis

187 2222 405 2252 meruerant
425 2222 488 2253 aut
509 2215 613 2253 domi
634 2215 816 2253 seditione
839 2215 1072 2264 deliquerant
1084 2227 1093 2261 ;
1124 2215 1381 2265 tributumque
1396 2215 1502 2264 ,Apa-

188 2280 381 2317 mensibus
401 2286 518 2317 terrae
540 2287 646 2318 motu
668 2280 856 2317 convolsis
877 2279 915 2316 in
936 2279 1239 2329 quinquennium
1260 2280 1473 2317 remissum.
