1634 2640
119 100 196 126 mn.
218 85 289 139 50.]
471 93 618 124 LIBER
649 92 737 123 ΧΗ.
798 93 896 126 cAl’.
934 98 1075 135 32-37-

118 197 376 247 praefectique
403 202 438 234 et
473 197 611 234 tribuni
650 197 753 246 paria
782 196 1009 234 disserentes
1039 197 1212 234 ardorem
1249 199 1438 236 exercitus

78 272 100 302 3
118 262 377 300 intendebant.
422 270 500 299 tum
531 262 706 300 Ostorius
727 262 1012 310 circumspectis
1032 273 1130 310 quae
1154 263 1438 311 inpenetrabilia

117 339 291 378 quaeque
320 328 459 377 pervia,
489 327 592 365 ducit
621 327 790 365 infensos
831 339 1061 377 amnemque
1101 326 1203 364 haud
1241 328 1438 364 difficulter

75 402 101 431 4
118 392 253 430 evadit.
309 393 375 430 ubi
395 398 549 430 ventum
575 393 624 430 ad
650 405 842 443 aggerem,
864 392 955 429 dum
982 392 1188 430 missilibus
1214 393 1437 438 certabatur,

77 467 100 497 5
118 458 203 508 plus
228 458 426 496 vulnerum
453 459 491 495 in
518 471 590 497 nos
609 465 645 496 et
675 458 878 508 pleraeque
901 458 1041 496 caedes
1062 458 1304 496 oriebantur:
1334 467 1438 507 post·
1458 467 1476 500 5

119 536 236 574 quam
268 523 367 562 facta
396 524 582 562 testudine
613 524 724 562 rudes
754 530 790 561 et
819 523 1002 562 informes
1033 535 1215 562 saxorum
1245 536 1440 573 conpages

119 589 320 627 distractae
346 601 488 639 parque
513 590 729 628 cornminus
757 590 868 635 acies,
897 589 1082 627 decedere
1110 590 1259 627 barbari
1285 590 1324 626 in
1350 590 1440 639 iuga

77 661 101 690 6
118 655 318 692 montium.
361 655 428 693 sed
442 667 490 693 eo
506 667 662 706 quoque
678 657 852 704 inrupere
869 655 1092 693 ferentarius
1107 655 1307 705 gravisque
1320 654 1438 701 miles,

118 719 169 757 illi
210 719 292 758 telis
338 720 582 766 adsultantes,
626 721 665 758 hi
712 720 882 759 conferto
929 721 1063 769 gradu,
1108 721 1263 758 turbatis
1310 727 1441 758 contra

120 784 390 824 Britannorum
411 786 617 832 ordinibus,
632 786 733 836 apud
748 798 846 835 quos
866 786 968 823 nulla
983 786 1187 824 loricarum
1201 785 1440 835 galearumve
1462 798 1501 820 10

120 851 289 901 tegmina
303 863 313 898 ;
343 857 381 889 et
399 851 430 889 si
457 851 700 889 auxiliaribus
729 852 957 897 resisterent,
980 851 1116 900 gladiis
1143 863 1186 889 ac
1215 850 1298 900 pilis
1324 851 1440 900 legio-

121 917 325 962 nariorum,
365 917 396 954 si
436 917 509 955 huc
547 924 746 963 verterent,
787 916 930 967 spathis
972 925 1009 954 et
1048 916 1165 955 hastis
1206 916 1441 953 auxiliarium

80 985 102 1017 7
121 982 397 1020 sternebantur.
454 982 554 1020 clara
586 995 632 1020 ea
661 982 817 1020 victoria
850 982 928 1027 fuit,
959 988 1147 1032 captaque
1177 993 1274 1019 uxor
1301 987 1339 1019 et
1366 981 1442 1019 filia

122 1047 299 1086 Carataci
328 1046 535 1096 fratresque
564 1047 604 1084 in
633 1047 864 1085 deditionem
893 1047 1052 1097 accepti.

176 1117 244 1152 36.
275 1112 377 1162 Ipse,
403 1118 444 1150 ut
468 1112 588 1150 ferme
613 1113 733 1151 intuta
760 1120 846 1151 sunt
873 1113 1041 1159 adversa,
1071 1124 1157 1150 cum
1184 1112 1298 1150 fidem
1318 1111 1439 1150 Carti·
1461 1123 1500 1156 15

122 1178 311 1216 manduae
333 1178 487 1227 reginae
514 1177 738 1228 Brigantum
764 1179 965 1228 petivisset,
995 1179 1142 1216 vinctus
1169 1191 1213 1217 ac
1238 1179 1441 1216 victoribus

122 1244 278 1282 traditus
306 1250 373 1290 est,
411 1256 515 1282 nono
553 1252 638 1293 post
677 1256 792 1289 anno,
831 1256 947 1293 quam
986 1244 1129 1282 bellurn
1168 1245 1207 1281 in
1244 1244 1441 1281 Britannia

80 1316 104 1346 2
123 1316 314 1359 coeptum.
369 1308 470 1346 unde
504 1308 604 1346 fama
633 1309 712 1346 eius
740 1316 869 1347 evecta
897 1309 1037 1346 insulas
1066 1317 1103 1347 et
1130 1310 1324 1359 proximas
1352 1320 1441 1358 pro-

122 1374 265 1412 vincias
283 1381 490 1424 pervagata
509 1386 576 1424 per
603 1374 752 1412 Italiam
782 1387 936 1425 quoque
967 1375 1237 1421 celebrabatur,
1265 1375 1441 1412 avebant-

122 1451 196 1489 que
223 1440 354 1486 visere,
383 1440 468 1490 quis
497 1439 557 1477 ille
586 1446 640 1478 tot
668 1452 736 1489 per
765 1452 889 1478 annos
927 1452 1020 1490 opes
1048 1447 1199 1478 nostras
1228 1439 1439 1490 sprevisset.
1461 1451 1501 1473 20

81 1514 104 1543 3
124 1517 172 1542 ne
194 1504 345 1543 Romae
366 1505 521 1555 quidem
541 1504 709 1554 ignobile
739 1504 912 1543 Carataci
942 1517 1084 1543 nomen
1112 1512 1216 1552 erat3
1246 1512 1283 1543 et
1302 1504 1442 1543 Caesar

79 1571 214 1609 4dum
242 1582 354 1608 suum
393 1571 509 1608 decus
546 1570 701 1616 extollit,
739 1569 884 1608 addidit
922 1570 1082 1619 gloriam
1119 1571 1230 1608 victo.
1285 1577 1442 1608 vocatus

121 1637 261 1686 quippe
288 1643 329 1673 ut
351 1636 400 1674 ad
426 1636 575 1685 insigne
602 1635 862 1685 spectaculum
888 1635 1076 1685 populus:
1107 1643 1241 1673 stetere
1269 1635 1308 1672 in
1327 1635 1441 1672 armis

80 1713 102 1743 5
122 1702 332 1751 praetoriae
380 1701 555 1739 cohortes
603 1713 742 1750 campo
789 1701 855 1751 qui
903 1708 1025 1739 castra
1072 1701 1271 1750 praeiacet.
1350 1708 1442 1737 tunc

121 1766 385 1805 incedentibus
412 1766 524 1816 regiis
551 1766 733 1805 clientelis
753 1766 941 1816 phalerae,
962 1772 1117 1815 torques
1137 1778 1309 1817 quaeque
1335 1765 1441 1803 bellis
1460 1774 1500 1806 25

122 1832 287 1870 externis
324 1832 561 1882 quaesiverat
598 1832 782 1878 traducta,
821 1843 914 1870 mox
952 1831 1085 1870 fratres
1124 1838 1161 1869 et
1199 1831 1365 1870 coniunx
1405 1838 1442 1869 et

79 1906 103 1936 6
122 1897 207 1943 filia,
233 1903 427 1947 postremo
454 1897 535 1947 ipse
564 1904 785 1936 ostentatus.
843 1903 1055 1935 ceterorum
1075 1909 1208 1946 preces
1234 1897 1441 1945 degeneres

121 1961 226 2000 fuere
253 1975 301 2001 ex
329 1969 458 2000 metu:
497 1969 534 2000 at
564 1975 644 2000 non
683 1962 892 2001 Caratacus
931 1969 996 1999 aut
1033 1962 1137 1999 vultu
1177 1962 1341 1999 demisso
1379 1967 1443 1999 aut

120 2027 242 2065 verbis
261 2027 561 2066 misericordiam
586 2028 792 2078 requirens,
813 2027 879 2065 ubi
905 2027 1079 2065 tribunali
1106 2026 1257 2073 adstitit,
1284 2027 1323 2064 in
1341 2025 1442 2064 hunc

120 2091 278 2130 modum
296 2092 445 2131 locutus
463 2100 530 2132 est.
1461 2098 1504 2130 30

175 2161 242 2198 3¹7.
272 2157 334 2195 ‘Si
359 2164 502 2207 quanta
521 2158 697 2197 nobilitas
726 2166 763 2196 et
788 2158 940 2196 fortuna
966 2158 1058 2195 mihi
1085 2157 1164 2204 fuit,
1186 2163 1291 2195 tanta
1317 2169 1441 2194 rerum

121 2233 392 2273 prosperarum
411 2223 622 2262 moderatio
649 2223 788 2270 fuisset,
811 2223 956 2262 amicus
982 2223 1109 2273 potius
1127 2223 1167 2260 in
1187 2221 1286 2260 hanc
1306 2222 1442 2259 urbem

122 2299 239 2339 quam
251 2295 385 2337 captus
396 2288 595 2334 venissem,
608 2300 732 2339 neque
745 2288 973 2337 dedignatus
985 2299 1100 2335 esses,
1115 2286 1223 2325 claris
1235 2286 1442 2325 maioribus
