1634 2640
132 108 210 136 m».
231 92 303 148 54.]
485 99 634 132 LIBER
663 99 750 131 ΧΗ.
812 98 910 131 cAP.
942 94 1085 140 65-69.

92 217 114 247 a
133 217 177 244 ac
192 205 302 243 variis
315 204 455 242 artibus
472 203 673 248 demorari,
688 214 735 240 ne
750 201 926 240 cubiculo
942 202 1192 250 egrederetur.
1239 201 1446 239 Antoniam

133 281 286 320 quoque
316 278 352 307 et
383 268 582 307 Octaviam
613 278 761 305 sorores
790 267 870 304 eius
900 266 1059 310 attinuit,
1081 272 1116 302 et
1146 273 1303 303 cunctos
1326 265 1448 303 aditus

133 334 314 373 custodiis
341 333 538 379 clauserat,
559 333 770 382 crebroque
800 330 977 381 vulgabat
1007 331 1060 367 ire
1083 330 1121 366 in
1146 330 1279 367 melius
1308 330 1446 366 valetu-

132 399 261 437 dinem
292 399 484 448 principis‚
520 409 597 447 quo
630 397 737 434 miles
769 397 872 434 bona
902 396 941 432 in
970 407 1038 445 spe
1067 401 1196 444 ageret
1225 401 1448 443 tempusque

132 475 358 515 prosperum
377 475 424 501 ex
444 463 597 501 monitis
619 461 900 500 Chaldaeorum
921 461 1152 498 adventaret.
1466 472 1485 505 5

186 533 253 568 69.
283 527 399 565 Tunc
423 527 551 565 medio
580 526 653 563 diei
680 526 831 563 tertium
860 532 947 562 ante
975 525 1066 562 Idus
1091 524 1283 570 Octobris,
1307 524 1449 561 foribus

131 592 256 643 palatii
285 599 440 642 repente
469 591 643 636 diductis,
668 591 875 628 comitante
902 589 1024 627 Burro
1055 589 1159 627 Nero
1187 589 1374 638 egreditur
1401 588 1450 625 ad

132 657 339 702 cohortem,
370 668 467 706 quae
496 667 604 693 more
633 655 787 692 militiae
814 655 985 692 excubiis
1013 654 1132 692 adest.
1189 655 1240 691 ibi
1268 660 1449 692 monente

91 736 114 766 2
132 721 323 773 praefecto
351 721 482 759 faustis
509 721 668 758 vocibus
697 727 878 769 exceptus
911 719 1050 757 inditur
1083 720 1246 757 lecticae.
1301 719 1449 756 dubita-

132 788 230 825 visse
257 786 446 837 quosdam
472 785 605 830 ferunt,
631 792 884 834 respectantes
910 785 1192 833 rogitantesque
1218 784 1282 821 ubi
1302 783 1448 821 Britan·
1468 793 1509 816 ιο

133 852 242 889 nicus
262 858 384 889 esset:
415 862 506 887 mox
523 849 626 887 nullo
641 850 679 886 in
696 849 885 887 diversum
902 856 1058 887 auctore
1077 861 1175 898 quae
1195 849 1450 886 offerebantur

92 932 114 962 3
133 916 251 954 secuti
275 923 372 954 sunt.
429 915 644 964 inlatusque
672 915 806 952 castris
827 913 934 952 Nero
953 921 989 951 et
1014 914 1263 963 congruentia
1286 913 1449 962 tempori

133 981 334 1031 praefatus,
365 980 555 1029 promisso
585 979 763 1016 donativo
797 978 846 1016 ad
875 978 1096 1027 exemplum
1125 985 1306 1027 paternae
1339 977 1448 1026 largi-

135 1046 258 1092 tionis,
293 1046 498 1094 imperator
533 1043 799 1081 consalutatur.
857 1043 1082 1080 sententiam
1120 1042 1281 1079 militum
1319 1050 1448 1080 secuta

91 1127 116 1156 4
134 1117 285 1160 patrum
306 1108 490 1154 consulta,
511 1119 582 1145 nec
603 1107 814 1145 dubitatum
834 1112 891 1145 est
917 1106 1019 1156 apud
1046 1107 1270 1156 provincias.
1327 1106 1447 1144 caele·
1469 1115 1506 1149 15

134 1181 285 1224 stesque
318 1172 486 1211 honores
519 1171 682 1209 Claudio
716 1172 974 1209 decernuntur
1007 1178 1044 1208 et
1083 1171 1225 1208 funeris
1264 1170 1448 1208 sollemne

133 1238 291 1289 perinde
325 1249 370 1275 ac
404 1237 492 1274 divo
528 1237 703 1285 Augusto
737 1236 956 1281 celebratur,
986 1235 1201 1272 aemulante
1235 1234 1448 1284 Agrippina

93 1318 117 1348 5
134 1303 309 1353 proaviae
339 1301 466 1338 Liviae
500 1300 832 1350 magnificentiam.
890 1306 1160 1338 testamentum
1189 1305 1317 1336 tamen
1346 1299 1449 1337 haud
1478 1338 1481 1342 ,

134 1367 341 1412 recitatum,
375 1378 423 1403 ne
455 1365 689 1414 antepositus
723 1364 799 1402 filio
831 1365 1026 1415 privignus
1064 1363 1199 1401 iniuria
1234 1370 1271 1401 et
1307 1364 1449 1402 invidia

134 1432 285 1469 animos
304 1430 403 1480 vulgi
422 1430 599 1468 turbaret.
1468 1437 1510 1461 πο
