1634 2640
140 107 219 134 mn.
242 93 312 146 33]
411 101 560 133 LIBER
588 101 645 133 W.
706 103 804 134 CAJ‘.
834 107 878 144 15
901 98 1065 148 (zm-19
1088 102 1183 148 (25).

99 203 393 255 aappellabant,
434 217 504 242 nec
543 205 725 243 decorum
764 206 960 255 appellatis
998 209 1166 246 minuere
1206 210 1330 248 fldem.
1403 211 1455 248 ita

138 270 266 320 primo
285 270 525 308 concursatio
553 277 590 308 et
615 282 762 320 preces,
785 271 871 308 dein
893 280 1058 321 strepere
1080 275 1261 322 praetoris
1282 275 1454 319 tribunal,

138 346 260 384 eaque
289 345 388 384 quae
421 334 590 372 remedio
626 336 807 384 quaesita,
841 336 1008 375 venditio
1038 344 1076 375 et
1109 338 1263 387 emptio,
1296 339 1334 375 in
1365 351 1455 376 con-

139 399 296 437 trarium
332 399 479 445 mutari,
513 400 602 448 quia
639 399 891 439 faeneratores
929 414 1085 440 omnem
1123 403 1325 452 pecuniam
1359 415 1456 440 mer-

99 464 275 505 acandis
302 465 403 514 agris
431 464 692 503 condiderant.
749 467 898 515 copiam
928 467 1117 505 vendendi
1151 475 1279 505 secuta
1307 468 1455 513 vilitate,
1476 481 1495 514 5

140 536 285 580 quanto
313 530 398 580 quis
430 530 654 576 obaeratior‚
687 531 837 580 aegrius
866 531 1136 578 distrahebant,
1171 532 1353 582 multique
1383 531 1458 569 sor-

139 595 240 633 tunis
270 594 608 644 provolvebantur;
649 596 792 633 eversio
830 597 882 634 rei
922 596 1111 634 familiaris
1150 597 1374 646 dignitatem
1413 609 1459 635 ac

139 659 284 698 famam
313 672 497 710 praeceps
530 659 654 705 dabat,
688 661 810 698 donec
842 661 926 699 tulit
959 673 1072 711 opem
1104 661 1246 700 Caesar
1276 662 1467 712 disposito‘

140 737 209 775 per
235 737 389 764 mensas
420 725 569 763 miliens
603 727 774 763 sestertio
805 726 978 776 factaque
1002 727 1200 764 mutuandi
1234 728 1343 776 copia
1379 727 1458 764 sine

141 790 265 828 usuris
293 802 363 840 per
392 790 608 836 triennium,
641 791 671 828 si
699 790 848 828 debitor
870 792 1014 840 populo
1042 792 1082 828 in
1109 791 1267 841 duplum
1296 792 1460 841 praediis
1480 803 1520 826 ιο

100 864 124 894 6
141 856 309 894 cavisset.
368 855 421 894 sic
449 855 590 893 refecta
618 854 723 901 fides,
745 862 782 893 et
806 855 986 905 paulatim
1016 857 1146 906 privati
1167 868 1320 906 quoque
1341 856 1460 894 credi-

141 926 242 958 tores
273 921 422 970 reperti.
479 932 604 970 neque
638 921 780 970 emptio
812 933 992 970 agrorum
1025 922 1189 959 exercita
1222 921 1271 958 ad
1300 921 1460 959 formam

143 992 297 1023 senatus
316 985 491 1032 consulti,
513 986 674 1030 acribus,
691 992 732 1023 ut
751 985 869 1023 ferme
890 986 987 1031 talia,
1010 986 1131 1031 initiis,
1148 987 1339 1024 incurioso
1360 986 1447 1024 fine.

196 1055 248 1089 18
270 1049 368 1100 (24).
399 1050 499 1088 Dein
525 1050 684 1088 redeunt
708 1050 851 1099 priores
879 1058 1004 1088 metus
1028 1051 1222 1100 postulato
1251 1051 1460 1088 maiestatis

143 1114 330 1154 Considio
356 1115 531 1161 Proculo,
551 1116 616 1165 qui
646 1115 752 1153 nullo
780 1127 920 1165 pavore
950 1115 1051 1153 diem
1076 1115 1240 1153 natalem
1266 1115 1459 1153 celebrans
1479 1130 1519 1162 15

142 1188 273 1230 raptus
304 1181 343 1217 in
381 1181 524 1218 curiam
562 1181 778 1230 pariterque
818 1180 1024 1218 damnatus
1061 1180 1352 1230 interfectusque
1391 1187 1459 1219 est.

102 1254 124 1283 2
143 1245 263 1284 sorori
295 1246 377 1284 eius
408 1245 567 1283 Sanciae
599 1257 699 1295 aqua
727 1252 841 1295 atque
872 1245 951 1295 igni
983 1245 1224 1284 interdictum
1258 1252 1460 1283 accusante

143 1310 194 1358 Q.
215 1310 442 1360 Pomponio.
499 1311 531 1348 is
550 1311 723 1348 moribus
739 1310 884 1360 inquies
900 1311 994 1348 haec
1018 1317 1054 1348 et
1073 1310 1233 1348 huiusce
1254 1310 1358 1348 modi
1378 1323 1400 1348 a
1420 1322 1460 1348 se

142 1375 301 1414 factitari
329 1375 611 1425 praetendebat,
642 1383 683 1412 ut
712 1383 818 1424 parta
847 1375 948 1425 apud
977 1376 1189 1425 principem
1218 1375 1337 1425 gratia
1364 1375 1460 1424 peri-

102 1449 125 1479 3
144 1440 239 1478 culis
268 1439 472 1490 Pomponii
503 1440 670 1478 Secundi
700 1440 819 1478 fratris
850 1441 1076 1478 mederetur.
1133 1440 1247 1478 etiam
1276 1441 1314 1477 in
1347 1440 1460 1478 Pom·
1481 1453 1521 1476 πο

143 1506 270 1556 peiam
290 1504 507 1543 Macrinam
527 1505 682 1543 exilium
703 1505 886 1551 statuitur,
903 1505 1008 1542 cuius
1029 1505 1206 1542 maritum
1226 1505 1458 1554 Argolicum,

145 1583 320 1609 socerum
361 1570 560 1608 Laconem
598 1583 619 1608 e
658 1570 887 1619 primoribus
924 1569 1168 1607 Achaeorum
1207 1569 1350 1607 Caesar
1395 1570 1461 1607 ad-

103 1635 304 1674 4flixerat.
359 1642 466 1685 pater
497 1647 652 1685 quoque
686 1635 852 1672 inlustris
883 1647 1001 1684 eques
1036 1634 1236 1672 Romanus
1269 1646 1314 1672 ac
1347 1634 1461 1672 frater

105 1710 130 1742 5
147 1701 367 1752 praetorius,
383 1713 471 1739 cum
492 1700 687 1738 damnatio
708 1700 871 1745 instaret,
893 1712 932 1737 se
951 1700 1023 1749 ipsi
1043 1699 1271 1738 interfecere.
1328 1700 1459 1737 datum

146 1774 226 1804 erat
245 1766 403 1811 crimini,
424 1766 529 1815 quod
544 1765 810 1814 Theophanen
831 1764 1103 1814 Mytilenaeum
1124 1777 1307 1814 proavum
1327 1777 1459 1803 eorum
1478 1776 1518 1809 25

145 1831 219 1870 Cn.
259 1830 429 1881 Magnus
466 1831 562 1868 inter
609 1830 763 1868 intimos
810 1829 1012 1876 habuisset,
1053 1829 1234 1879 quodque
1281 1829 1459 1868 defuncto

146 1895 378 1946 Theophani
405 1896 587 1934 caelestes
615 1894 781 1933 honores
811 1893 963 1932 Graeca
991 1894 1158 1932 adulatio
1187 1895 1377 1932 tribuerat.

197 1966 250 2001 19
277 1959 374 2013 (25).
404 1961 497 2000 Post
525 1972 622 2011 quos
651 1959 738 1998 Sex.
768 1958 914 1997 Marius
950 1958 1223 2009 Hispaniarum
1255 1960 1460 1997 ditissimus

146 2027 308 2066 defertur
335 2027 544 2065 incestasse
573 2025 687 2063 filiam
717 2031 755 2062 et
783 2037 878 2062 saxo
908 2024 1076 2073 Tarpeio
1111 2025 1276 2062 deicitur.
1332 2036 1376 2062 ac
1410 2036 1458 2061 ne

146 2092 304 2130 dubium
341 2091 542 2130 haberetur
578 2089 881 2140 magnitudinem
925 2090 1109 2139 pecuniae
1155 2089 1256 2126 malo
1294 2089 1457 2134 vertisse,
1477 2099 1518 2131 30

146 2158 311 2196 aurarias
339 2159 650 2207 argenlarz'asque
679 2155 772 2201 eius,
795 2166 1029 2204 quamquam
1057 2154 1350 2204 publicarentur,
1375 2155 1460 2192 sibi-

105 2228 130 2260 2
146 2228 224 2261 met
257 2221 438 2261 Tiberius
469 2222 647 2272 seposuit.
703 2220 950 2268 inritatusque
981 2219 1170 2268 suppliciis
1198 2225 1365 2265 cunctos,
1395 2219 1459 2269 qui

147 2299 296 2327 carcere
331 2287 584 2326 attinebantur
616 2286 784 2324 accusati
817 2284 1004 2323 societatis
1033 2296 1121 2322 cum
1151 2283 1302 2329 Seiano,
1331 2283 1459 2322 necari
