1643 2655
456 115 691 148 CORNELII
725 116 894 148 TACJTJ
919 116 1196 148 ANNALJUM
1260 108 1392 162 [mue.
1414 119 1487 159 785·

165 219 409 257 accusatione
432 219 577 258 intenta
605 232 707 258 nunc
739 220 911 257 silerent:
943 227 1086 256 metum
1115 231 1270 269 prorsus
1297 226 1334 258 et
1360 232 1485 259 noxae

165 285 437 324 conscientiam
460 297 529 334 pro
556 284 708 322 foedere
737 285 893 332 haberi5
926 292 962 322 at
988 296 1065 322 non
1095 285 1263 334 patribus
1293 286 1485 323 reticenda

167 363 265 400 quae
293 350 531 387 audivissent.
599 350 770 399 Regulus
800 362 955 387 manere
986 356 1138 398 tempus
1169 350 1333 396 ultionis,
1365 362 1483 399 seque
1503 357 1524 386 3

165 427 294 452 coram
342 414 513 464 principe
563 422 852 461 exsecuturum3
902 415 998 452 Trio
1045 415 1343 452 aemulationem
1390 414 1486 451 inter

128 480 331 528 5collegas
378 486 414 517 et
462 480 493 516 si
538 491 616 528 qua
655 479 850 516 discordes
892 479 1068 517 iecissent
1106 480 1241 517 melius
1279 479 1485 517 oblitterari

124 548 126 551 '
165 545 371 594 respondit.
428 551 612 593 urguente
647 543 820 593 Agrippa
851 544 1084 594 Sanquinius
1120 544 1317 582 Maximus
1346 557 1367 582 e
1395 550 1527 582 con-4

167 610 353 648 sularibus
388 609 508 646 oravit
543 615 727 654 senatum,
762 621 809 646 ne
844 621 953 647 curas
992 610 1231 659 imperatoris
1265 608 1486 659 conquisitis

166 676 322 725 insuper
360 675 628 712 acerbitatibus
662 682 868 724 augerent:
913 676 1087 713 sufficere
1121 677 1248 725 ipsum
1279 675 1487 713 statuendis

167 740 354 777 remediis.
413 740 466 777 sic
495 739 645 789 Regulo
675 740 776 778 salus
800 746 837 777 et
863 740 998 778 Trioni
1020 741 1148 778 dilatio
1168 741 1278 778 'exitii
1304 740 1485 791 quaesita.

55 822 95 830 -n
109 814 148 838 10
167 805 348 842 Haterius
387 804 540 842 invisior
578 805 658 851 suit,
699 806 787 854 quia
823 817 962 843 somno
1000 812 1064 842 aut
1097 805 1309 843 libidinosis
1348 804 1525 854 vigiliis5

165 869 356 908 marcidus
377 876 414 907 et
441 870 492 906 ob
522 870 721 919 segnitiam
748 871 922 919 quamvis
948 870 1139 907 crudelem
1165 870 1379 920 principem
1407 880 1486 906 non

164 941 340 972 metuens
368 934 591 973 inlustribus
621 935 707 972 viris
733 935 940 985 perniciem
967 935 1063 972 inter
1091 947 1256 984 ganeam
1284 946 1329 973 ac
1359 940 1487 984 stupra

165 1000 430 1037 meditabatur.
1345 993 1354 998 ’

221 1070 246 1102 5
288 1063 385 1116 (11).
434 1064 549 1102 Exim
588 1065 701 1104 Cotta
740 1064 983 1112 Messalinus,
1023 1065 1263 1104 saevissimae
1302 1065 1485 1115 cuiusque

108 1140 146 1173 15
167 1131 375 1168 sententiae
423 1138 555 1169 auctor
602 1143 726 1181 eoque
772 1131 978 1168 inveterata
1023 1131 1174 1177 invidia,
1213 1131 1278 1168 ubi
1321 1131 1485 1180 primum

164 1194 323 1232 facultas
358 1195 458 1241 data,
492 1196 660 1245 arguitur
691 1196 873 1245 pleraque
905 1197 944 1233 z‘n
976 1195 1020 1234 C.
1050 1195 1257 1234 Caesarem
1287 1195 1396 1245 quasi
1427 1195 1484 1232 in-

165 1266 288 1298 certae
309 1260 499 1306 virilitatis‚
522 1267 558 1298 et
582 1273 669 1298 cum
697 1261 757 1298 die
784 1261 899 1298 natali
922 1262 1123 1309 Augustae
1147 1261 1242 1298 inter
1269 1260 1487 1298 sacerdotes

166 1322 389 1371 epularetur,
423 1322 693 1360 novendialem
735 1335 820 1360 eam
861 1335 997 1360 cenam
1038 1323 1193 1369 dixisse;
1243 1334 1485 1372 querensque

166 1387 213 1425 de
242 1388 412 1436 potentia
440 1387 507 1425 Μ’.
529 1387 666 1437 Lepidi
695 1399 739 1425 ac
769 1387 813 1424 L.
834 1387 1014 1434 Arruntii,
1039 1399 1128 1425 cum
1157 1388 1296 1437 quibus
1325 1388 1376 1424 ob
1405 1399 1486 1425 rem

108 1467 148 1490 20
165 1452 425 1501 pecuniariam
454 1453 700 1502 disceptabat,
734 1452 948 1490 addidisse:
996 1452 1102 1490 ‘illos
1131 1453 1286 1503 quidem
1317 1459 1484 1497 senatus,

165 1529 227 1554 me
261 1523 389 1554 autem
422 1517 586 1555 tuebitur
616 1516 835 1555 Tiberiolus
868 1517 999 1555 mens?
1057 1529 1155 1567 quae
1185 1523 1324 1555 cuneta
1352 1529 1376 1555 a
1408 1518 1526 1567 pri-2

165 1583 333 1620 moribus
377 1582 536 1620 civitatis
576 1583 849 1628 revincebatur,
891 1582 1011 1632 iisque
1053 1583 1281 1620 instantibus
1323 1582 1373 1620 ad
1414 1583 1485 1620 im-

165 1654 378 1697 peratorem
410 1648 642 1697 provocavit.
700 1660 771 1685 nec
803 1647 925 1685 multo
957 1653 1046 1697 post
1076 1648 1221 1686 litterae
1255 1647 1485 1694 adferuntur,

165 1713 302 1763 quibus
322 1713 361 1748 in
380 1713 540 1750 modum
568 1712 808 1758 defensionis,
832 1713 994 1761 repetito
1018 1713 1117 1750 inter
1137 1724 1176 1750 se
1197 1719 1311 1762 atque
1331 1712 1486 1750 Cottam

108 1791 146 1823 25
167 1778 352 1816 amicitiae
372 1778 557 1827 principio
578 1778 797 1826 crebrisque
824 1778 905 1815 eius
934 1778 1068 1815 officiis
1090 1778 1414 1824 commemoratis,
1435 1791 1484 1816 ne

165 1844 280 1881 verba
309 1854 423 1891 prave
453 1843 601 1880 detorta
630 1854 705 1880 neu
736 1842 992 1880 convivalium
1021 1842 1235 1880 fabularum
1265 1842 1485 1892 simplicitas

166 1909 205 1945 in
226 1909 368 1945 crimen
390 1907 589 1945 duceretur
609 1907 826 1956 postulavit.

221 1978 246 2010 6
278 1971 373 2023 (12).
421 1972 578 2020 Insigne
622 1972 742 2009 visum
785 1978 842 2010 est
884 1984 1015 2010 earum
1064 1972 1236 2011 Caesaris
1279 1973 1485 2011 litterarum

167 2038 313 2075 initium
328 2051 338 2084 3
378 2050 468 2075 nam
494 2038 553 2074 his
576 2037 698 2074 verbis
725 2049 883 2074 exorsus
910 2044 991 2075 est:
1033 2038 1149 2087 ‘quid
1175 2038 1337 2076 scribam
1363 2039 1483 2085 vobis,

108 2117 150 2149 30
167 2111 292 2153 patres
323 2103 537 2152 conscripti,
570 2109 632 2140 aut
661 2114 739 2152 quo
768 2102 886 2139 modo
916 2103 1080 2140 scribam
1108 2109 1170 2140 aut
1201 2103 1294 2152 quid
1324 2104 1484 2141 omnino

168 2180 247 2205 non
281 2169 444 2205 scribam
477 2168 551 2204 hoc
588 2174 771 2216 tempore,
805 2167 842 2203 di
880 2179 942 2204 me
978 2167 1147 2217 deaeque
1180 2168 1286 2217 peius
1323 2167 1484 2216 perdant

169 2245 284 2281 quam
306 2233 427 2282 perire
449 2244 511 2269 me
531 2232 666 2270 cotidie
694 2232 827 2277 sentio,
850 2231 879 2269 si
901 2229 1003 2269 scio?
1061 2232 1158 2270 adeo
1178 2231 1350 2270 facinora
1369 2238 1483 2282 atque
1501 2240 1523 2269 2

169 2298 309 2346 flagitia
347 2309 415 2334 sua
453 2297 523 2345 ipsi
561 2308 713 2347 quoque
751 2296 790 2333 in
829 2296 1056 2345 supplicium
1091 2303 1286 2335 verterant.
1357 2308 1482 2347 neque
