1643 2655
479 95 716 127 CORNELII
745 95 915 127 TACITI
940 95 1214 127 ANNALIUM
1267 87 1406 141 [A.U.C.
1428 97 1502 137 807.

191 198 356 236 adventu
375 198 589 248 Aesculapii
609 206 727 237 artem
755 200 930 237 medendi
956 199 1111 236 inlatam
1139 200 1381 249 maximeque
1406 199 1503 236 inter

191 269 366 312 posteros
385 263 466 301 eius
485 263 674 302 celebrem
700 264 826 309 fuisse,
847 265 1005 302 nomina
1025 264 1263 313 singulorum
1283 263 1446 301 referens
1465 270 1502 301 et

190 328 329 378 quibus
349 329 508 378 quisque
528 329 714 367 aetatibus
733 330 950 378 viguissent.
1006 328 1098 378 quin
1118 329 1233 366 etiarn
1253 328 1347 366 dixit
1371 328 1500 366 Xeno·
1518 336 1540 365 2

191 393 389 442 phontem,
416 394 523 431 cuius
549 394 703 431 scientia
724 394 803 443 ipse
829 400 1005 438 uteretur,
1028 393 1163 431 eadem
1189 393 1331 430 familia
1361 400 1498 440 ortum,

152 470 171 503 5
190 458 443 508 precibusque
469 459 550 496 eius
570 459 751 503 dandum,
771 465 812 495 ut
831 458 937 496 omni
956 459 1095 495 tributo
1116 458 1223 495 vacui
1247 458 1286 495 in
1305 464 1500 507 posterum

190 523 263 561 Coi
284 535 430 561 sacram
451 529 487 560 et
507 530 654 560 tanturn
675 524 735 561 dei
751 524 961 561 ministram
977 523 1139 560 insulam
1155 522 1336 561 colerent.
1376 535 1499 572 neque
1517 530 1539 559 3

189 588 347 625 dubium
360 588 519 625 habetur
531 589 649 626 multa
661 588 871 626 eorundem
883 589 922 625 in
935 588 1120 638 populum
1135 587 1355 625 Romanurn
1369 588 1500 626 merita

189 654 389 702 sociasque
401 653 572 691 victorias
591 654 760 702 potuisse
781 654 896 691 tradi:
927 659 982 690 set
995 653 1187 698 Claudius,
1204 652 1377 691 facilitate
1392 652 1500 690 solita
1516 659 1541 688 4

189 719 293 767 quod
312 719 377 755 uni
397 726 649 765 concesserat,
671 719 782 756 nullis
802 720 1038 756 extrinsecus
1058 718 1284 756 adiumentis
1302 717 1447 755 velavit.

132 793 172 817 10
243 787 309 822 62.
340 783 390 820 At
425 782 595 832 Byzantii
626 783 714 821 data
747 784 895 821 dicendi
923 785 1046 833 copia,
1077 795 1165 821 curn
1194 782 1499 833 magnitudinem

189 860 348 886 onerum
401 848 504 898 apud
542 856 715 886 senatum
759 849 1062 897 deprecarentur,
1102 855 1240 886 cuncta
1281 848 1497 897 repetivere.

189 914 263 951 orsi
286 926 307 950 a
327 913 478 950 foedere
505 913 609 962 quod
637 914 836 951 nobiscum
860 914 1014 958 icerant‚
1036 925 1112 962 qua
1137 919 1358 962 tempestate
1383 912 1497 950 bella·
1514 917 1536 946 2

188 979 310 1015 vimus
330 978 509 1015 adversus
536 989 665 1026 regem
687 977 958 1024 Macedonum,
979 978 1040 1016 cui
1065 984 1106 1015 ut
1133 978 1310 1027 degeneri
1329 977 1498 1015 Pseudo-

187 1043 344 1092 philippi
384 1043 612 1081 vocabulum
651 1043 869 1092 inpositurn,
909 1044 1044 1080 missas
1094 1042 1253 1092 posthac
1292 1043 1422 1092 copias
1458 1043 1497 1079 in

130 1116 167 1150 15
187 1107 432 1154 Antiochum,
464 1107 617 1154 Persen,
646 1108 917 1153 Aristonicum,
945 1115 982 1145 et
1010 1108 1169 1157 piratico
1197 1107 1298 1145 bello
1327 1107 1497 1145 adiutum

187 1174 396 1211 Antonium
440 1174 715 1221 memorabant,
756 1185 930 1222 quaeque
970 1172 1095 1210 Sullae
1133 1180 1196 1210 aut
1234 1172 1394 1211 Lucullo
1432 1179 1496 1210 aut

186 1234 371 1284 Pompeio
386 1235 621 1280 obtulissent,
638 1247 729 1273 mox
745 1236 911 1273 recentia
927 1235 966 1272 in
981 1234 1165 1273 Caesares
1181 1235 1324 1280 merita,
1340 1235 1496 1285 quando

184 1312 229 1338 ea
243 1300 330 1338 loca
349 1300 564 1346 insiderent,
580 1312 678 1349 quae
692 1300 1014 1338 transmeantibus
1030 1307 1128 1337 terra
1147 1301 1319 1349 marique
1336 1300 1495 1337 ducibus

185 1365 500 1414 exercitibusque,
522 1365 633 1402 simul
653 1365 826 1402 vehendo
848 1373 1066 1403 commeatu
1086 1372 1303 1414 opportuna
1322 1364 1454 1402 forent.

126 1441 166 1464 πο
239 1434 305 1468 63.
337 1429 516 1479 Namque
545 1430 732 1468 artissimo
759 1431 853 1467 inter
878 1430 1077 1479 Europam
1101 1429 1309 1479 Asiamque
1335 1429 1494 1468 divortio

183 1494 410 1544 Byzantium
448 1495 486 1531 in
535 1501 706 1532 extremo
742 1495 921 1544 Europae
969 1506 1129 1544 posuere
1168 1494 1317 1540 Graeci,
1355 1494 1494 1544 quibus

182 1560 358 1609 Pythium
396 1559 614 1609 Apollinem
659 1560 956 1605 consulentibus,
997 1560 1061 1597 ubi
1100 1559 1307 1597 conderent
1345 1559 1491 1606 urbem,

181 1625 371 1663 redditum
404 1625 599 1662 oraculum
629 1632 696 1670 est,
733 1632 957 1674 quaererent
987 1625 1117 1663 sedem
1151 1636 1352 1662 caecorum
1385 1624 1494 1662 terris

181 1691 389 1728 adversam.
446 1702 492 1727 ea
530 1690 692 1740 ambage
731 1690 980 1728 Chalcedonii
1029 1691 1348 1736 monstrabantur,
1387 1689 1532 1739 quoda

123 1767 162 1801 2⁵
182 1756 325 1804 priores
373 1755 458 1792 illuc
508 1755 663 1800 advecti,
701 1755 872 1804 praevisa
920 1755 1096 1793 locorum
1143 1755 1310 1800 utilitate,
1365 1755 1494 1804 peiora

181 1820 370 1868 legissent.
427 1820 566 1868 quippe
594 1819 820 1869 Byzantium
846 1820 954 1857 fertili
978 1820 1071 1866 solo,
1093 1819 1257 1857 fecundo
1277 1819 1382 1865 mari,
1404 1819 1493 1868 quia

180 1886 235 1922 vis
264 1884 425 1934 piscium
453 1885 636 1930 inmensa,
669 1884 833 1922 Pontum
866 1896 1071 1934 erumpens
1103 1891 1141 1922 et
1172 1884 1337 1933 obliquis
1365 1885 1493 1922 subter

180 1950 304 1987 undas
334 1950 434 1987 saxis
467 1949 656 1995 exterrita,
686 1951 827 1986 omisso
858 1949 1009 1986 alterius
1040 1949 1159 1986 litoris
1191 1949 1294 1986 flexu
1333 1948 1404 1986 hos
1442 1948 1492 1986 ad

179 2021 313 2064 portus
351 2014 525 2052 defertur.
583 2014 684 2051 unde
713 2014 837 2064 primo
867 2014 1084 2063 quaestuosi
1115 2020 1152 2051 et
1181 2013 1374 2063 opulenti;
1405 2020 1531 2063 posta

120 2091 162 2122 30
180 2080 443 2129 magnitudine
476 2091 636 2116 onerum
669 2085 853 2128 urguente
886 2078 1001 2116 finem
1031 2086 1095 2115 aut
1125 2078 1285 2116 modurn
1319 2079 1489 2124 orabant,

180 2145 371 2182 adnitente
395 2144 575 2193 principe,
597 2145 662 2194 qui
687 2144 878 2181 Thraecio
901 2142 1203 2193 Bosporanoque
1227 2143 1328 2181 bello
1356 2155 1490 2181 recens

178 2209 300 2247 fessos
337 2209 599 2260 iuvandosque
638 2209 787 2247 rettulit.
843 2208 894 2246 ita
932 2209 1070 2246 tributa
1107 2209 1146 2246 in
1183 2209 1489 2258 quinquennium

179 2286 348 2312 remissa.
