1643 2655
439 76 676 109 CORNELII
707 77 876 110 TACJTJ
902 78 1181 110 ANNALJUM
1232 71 1375 125 [Ave
1397 81 1470 112 802.

147 186 321 218 orantes:
353 181 486 218 servitii
502 181 635 219 decern
655 182 757 220 milia
774 182 996 220 offerebant.
1056 183 1161 232 quod
1177 184 1368 232 aspernati
1384 189 1471 221 sunt

146 245 322 293 victores,
345 246 434 296 quia
453 246 642 285 trucidare
662 241 811 285 deditos
832 260 1000 295 saevum,
1024 253 1168 285 tantam
1189 248 1471 286 multitudinem

147 310 321 348 custodia
340 311 494 361 cingere
515 311 698 349 arduum:
730 312 819 349 belli
849 313 974 361 potius
1001 312 1079 349 iure
1107 312 1296 359 caderent,
1323 313 1470 350 datum-

147 386 223 424 que
251 375 443 421 militibus,
473 377 538 425 qui
569 376 679 414 scalis
708 383 916 422 evaserant,
948 377 1099 425 signum
1125 377 1264 414 caedis.
1321 377 1471 415 excidio
1489 387 1511 415 2

111 439 381 490 5Uspensium
420 448 543 479 metus
582 442 715 479 ceteris
753 442 925 488 iniectus,
963 441 1056 478 nihil
1089 448 1212 478 tutum
1244 442 1343 488 ratis,
1381 454 1470 480 cum

147 518 262 552 arma,
293 506 540 553 munimenta,
571 506 741 556 impediti
771 506 829 544 vel
860 507 1072 544 eminentes
1102 506 1175 544 loci
1200 519 1410 558 amnesque
1434 515 1471 545 et

146 573 258 609 urbes
287 571 391 608 iuxta
418 578 763 621 perrumperentur.
821 572 934 622 igitur
963 571 1153 618 Zorsines,
1186 573 1250 610 diu
1281 573 1470 623 pensitato
1489 581 1511 610 3

148 636 430 675 Mithridatisne
451 638 562 675 rebus
578 638 756 675 extremis
775 650 825 675 an
844 638 967 687 patrio
987 651 1107 687 regno
1125 639 1348 685 consuleret,
1369 646 1471 689 post-

148 714 264 753 quam
284 702 491 752 praevaluit
510 703 658 751 gentilis
673 703 820 750 utilitas,
844 704 940 741 datis
960 704 1159 741 obsidibus
1181 705 1284 753 apud
1305 705 1471 753 effigiem

91 780 131 802 10
148 768 323 806 Caesaris
352 769 566 818 procubuit,
598 780 741 818 magna
773 769 892 818 gloria
923 769 1108 807 exercitus
1144 769 1323 816 Romani,
1355 781 1471 820 quem

147 834 386 872 incruentum
433 841 469 872 et
512 834 695 872 victorem
746 834 856 871 tridui
904 835 1035 872 itinere
1083 834 1221 872 afuisse
1266 835 1314 872 ab
1358 847 1471 873 amne

148 898 274 936 Tanai
312 899 489 937 constitit.
548 899 616 937 sed
647 899 686 936 in
724 911 899 948 regressu
929 899 1056 948 dispar
1095 899 1245 938 fortuna
1274 899 1352 945 fuit,
1382 900 1471 950 quia
1489 905 1512 934 4

147 965 301 1001 navium
317 965 502 1014 quasdam
519 964 677 1015 (quippe
697 964 792 1001 mari
813 963 1053 1015 remeabant)
1072 965 1111 1001 in
1127 965 1236 1003 litora
1252 965 1471 1003 Taurorum

147 1029 292 1067 delatas
315 1030 597 1067 circumvenere
623 1029 784 1076 barbari,
810 1029 1003 1079 praefecto
1030 1030 1199 1068 cohortis
1219 1038 1254 1069 et
1280 1031 1471 1081 plerisque

91 1104 129 1136 15
148 1095 387 1132 auxiliarium
409 1095 622 1133 interfectis.

200 1165 265 1199 18.
296 1161 445 1198 Interea
468 1160 708 1199 Mithridates
735 1161 840 1199 nullo
866 1161 904 1198 in
930 1162 1045 1200 armis
1069 1161 1238 1200 subsidio
1268 1162 1467 1210 consultat,

148 1227 256 1263 cuius
275 1226 572 1264 misericordiam
594 1227 837 1276 experiretur.
893 1226 1005 1264 frater
1025 1226 1156 1276 Cotys,
1178 1227 1348 1277 proditor
1364 1227 1467 1273 olim,

149 1291 285 1329 deinde
301 1292 433 1338 hostis,
454 1293 694 1330 metuebatur
711 1304 719 1329 :
750 1291 1021 1330 Romanorum
1041 1304 1157 1330 nemo
1177 1292 1215 1330 id
1237 1293 1470 1331 auctoritatis

149 1357 289 1404 aderat,
315 1363 357 1394 ut
384 1357 573 1407 promissa
602 1357 683 1395 eius
713 1358 844 1406 magni
873 1357 1141 1407 penderentur.
1198 1357 1247 1395 ad
1275 1357 1470 1396 Eunonen
1488 1368 1510 1398 2

92 1438 132 1461 20
150 1422 344 1470 convertit,
378 1423 538 1472 propriis
569 1423 665 1460 odiis
699 1436 770 1460 non
810 1422 1000 1460 infensum
1029 1430 1066 1460 et
1099 1435 1235 1461 recens
1263 1423 1470 1462 coniuncta

148 1488 351 1526 nobiscum
390 1488 554 1526 amicitia
591 1488 767 1525 validum.
840 1489 952 1537 igitur
995 1488 1096 1526 cultu
1135 1488 1314 1538 vultuque
1352 1499 1510 1539 quam3

149 1554 315 1591 maxime
334 1553 383 1591 ad
399 1560 638 1603 praesentem
653 1553 843 1591 fortunam
861 1559 1084 1603 comparato
1100 1554 1244 1602 regiam
1261 1554 1470 1603 ingreditur

149 1619 386 1668 genibusque
407 1619 487 1656 eius
506 1618 727 1668 provolutus
751 1620 758 1636 ‘
776 1616 1036 1656 Mithridates’
1061 1619 1183 1668 inquit
1204 1622 1330 1656 ‘terra
1354 1619 1468 1656 mari-

149 1696 224 1734 que
246 1683 435 1722 Romanis
454 1696 523 1733 per
542 1689 596 1721 tot
623 1696 747 1721 annos
772 1684 965 1733 quaesitus
995 1690 1132 1733 sponte
1160 1684 1322 1722 adsum:
1351 1691 1468 1732 utere,

92 1760 130 1792 25
149 1755 190 1787 ut
217 1749 331 1795 voles,
359 1748 464 1798 prole
492 1748 622 1798 magni
648 1748 917 1795 Achaemenis,
944 1749 1048 1798 quod
1074 1749 1165 1786 mihi
1189 1749 1311 1787 solum
1341 1749 1469 1789 hostes

149 1827 230 1853 non
259 1813 511 1852 abstulerunt?

204 1884 269 1918 19.
298 1879 350 1916 At
370 1877 556 1916 Eunones
577 1878 801 1917 claritudine
821 1879 899 1924 viri,
920 1880 1128 1917 mutatione
1149 1891 1276 1917 rerum
1296 1885 1332 1917 et
1355 1892 1468 1929 prece

149 1944 252 1983 haud
275 1944 455 1993 degeneri
484 1949 691 1993 permotus,
719 1944 866 1982 adlevat
890 1945 1102 1993 supplicem
1131 1944 1334 1994 laudatque
1362 1947 1467 1994 quod

149 2017 304 2060 gentem
340 2009 562 2055 Aorsorum,
602 2009 708 2059 quod
747 2021 855 2046 suam
895 2009 1068 2047 dextram
1108 2010 1296 2059 petendae
1334 2010 1467 2048 veniae

93 2095 133 2127 30
152 2075 339 2124 delegerit.
396 2075 507 2113 simul
538 2074 685 2123 legatos
715 2075 931 2124 litterasque
965 2076 1014 2113 ad
1053 2074 1257 2113 Caesarem
1295 2075 1336 2112 in
1366 2075 1467 2114 hunc
1485 2086 1508 2115 2

151 2141 311 2179 modum
348 2141 483 2178 mittit:
528 2139 658 2190 populi
693 2139 860 2177 Romani
898 2141 1202 2189 imperatoribus,
1238 2152 1465 2190 magnarum

152 2206 351 2244 nationum
370 2206 520 2256 regibus
542 2206 703 2255 primam
724 2217 771 2242 ex
792 2205 1032 2243 similitudine
1053 2205 1227 2244 fortunae
1247 2206 1464 2252 amicitiam,

152 2272 219 2310 sibi
236 2279 272 2309 et
293 2271 455 2309 Claudio
475 2272 589 2308 etiam
610 2271 925 2309 communionem
938 2271 1112 2309 victoriae
1128 2284 1222 2309 esse.
1279 2271 1463 2309 bellorum
1482 2282 1504 2311 3
