1643 2655
457 98 694 130 CORNELII
725 98 894 130 TACJTJ
920 99 1197 130 ANNALJUM
1250 92 1392 145 [mue.
1413 102 1486 132 801.

165 201 324 247 fuerant,
350 202 480 251 paucis
509 202 584 239 iarn
612 202 764 251 reliquis
786 202 1023 247 familiarum,
1045 214 1140 251 quas
1162 201 1350 240 Romulus
1369 203 1485 240 maio·

164 278 247 303 rum
275 272 312 304 et
331 265 374 303 L.
397 265 534 304 Brutus
564 267 757 305 minorum
785 267 954 316 gentium
981 267 1275 316 appellaverant,
1295 267 1486 306 exhaustis

164 332 280 369 etiam
299 344 396 382 quas
416 332 576 371 dictator
605 332 748 371 Caesar
774 332 856 381 lege
878 332 1011 369 Cassia
1037 338 1073 368 et
1094 333 1271 382 princeps
1290 333 1487 382 Augustus

165 397 247 445 lege
270 396 405 434 Saenia
427 398 622 447 sublegere
639 410 647 443 ;
679 398 851 446 laetaque
872 396 965 434 haec
986 397 1024 433 in
1046 409 1125 434 rem
1145 397 1339 446 publicam
1358 397 1487 435 munia
1504 407 1528 436 4

127 476 145 507 5
164 462 284 500 multo
313 463 455 511 gaudio
486 463 653 500 censoris
683 463 883 499 inibantur.
941 461 1108 500 famosos
1139 462 1289 511 probris
1316 474 1486 512 quonam
1504 474 1526 504 5

164 527 281 565 modo
315 535 446 565 senatu
480 527 686 577 depelleret
719 527 864 572 anxius,
901 527 1032 564 mitem
1065 533 1102 564 et
1133 539 1264 564 recens
1297 533 1487 577 repertam

164 604 280 641 quam
300 604 347 629 ex
363 593 559 630 severitate
582 593 706 641 prisca
725 592 910 630 rationem
927 591 1109 638 adhibuit,
1130 592 1339 639 monendo,
1357 604 1487 631 secum

164 657 325 705 quisque
360 656 407 694 de
439 669 479 695 se
513 657 740 695 consultaret
774 664 990 707 peteretque
1026 657 1083 694 ius
1114 658 1280 695 exuendi
1319 657 1485 696 ordinis:

164 720 312 759 facilem
351 722 431 759 eius
473 723 525 759 rei
563 723 726 759 veniam.
783 731 820 760 et
864 728 992 759 motos
1033 729 1166 760 senatu
1206 729 1486 772 excusatosque
1505 729 1529 759 6

108 799 146 821 10
165 787 275 824 simul
301 788 597 837 propositurum,
621 796 661 825 ut
688 788 870 825 iudicium
899 799 1104 825 censorum
1131 800 1175 825 ac
1202 787 1327 837 pudor
1348 794 1485 838 sponte

164 852 380 890 cedentium
400 854 589 903 permixta
608 854 861 902 ignominiam
882 853 1082 891 mollirent.
1138 854 1190 891 ob
1210 866 1255 891 ea
1275 853 1486 903 Vipstanus
1502 864 1524 896 7

163 918 296 955 consul
322 919 458 956 rettulit
488 925 634 968 patrem
659 924 812 956 senatus
837 918 1107 967 appellandum
1137 930 1220 956 esse
1251 918 1483 957 Claudium:

163 983 303 1031 quippe
323 984 559 1032 promiscum
575 984 691 1033 patris
711 984 854 1032 patriae
871 990 1174 1032 cognomentum
1190 996 1199 1030 ;
1230 996 1331 1022 nova
1346 984 1386 1021 in
1405 996 1487 1022 rem

163 1047 354 1096 publicam
380 1049 514 1085 merita
540 1060 621 1086 non
647 1048 794 1086 usitatis
821 1048 1014 1086 vocabulis
1037 1048 1280 1086 honoranda:
1311 1049 1378 1087 sed
1406 1049 1486 1098 ipse

106 1123 144 1155 15
163 1109 327 1148 cohibuit
365 1111 562 1149 consulem
600 1117 640 1148 ut
687 1111 848 1148 nimium
888 1110 1165 1148 adsentantem.
1236 1111 1527 1161 condiditques

162 1174 333 1222 lustrum,
357 1188 435 1226 quo
455 1188 571 1213 censa
590 1183 678 1214 sunt
698 1176 837 1214 civium
854 1176 1133 1225 quinquagiens
1153 1176 1311 1214 noviens
1325 1183 1486 1214 centena

164 1240 358 1289 octoginta
387 1248 570 1290 quattuor
607 1241 710 1278 milia
742 1241 981 1290 septuaginta
1020 1241 1107 1279 duo.
1164 1241 1271 1291 isque
1309 1241 1360 1278 illi
1397 1241 1486 1278 finis

162 1304 333 1342 inscitiae
363 1317 454 1354 erga
484 1306 642 1344 domum
674 1318 782 1343 suam
812 1305 901 1343 fuit:
943 1304 1047 1342 haud
1081 1306 1200 1343 multo
1230 1312 1318 1355 post
1346 1306 1487 1356 flagitia

164 1370 294 1407 uxoris
325 1383 485 1409 noscere
516 1383 560 1408 ac
592 1371 725 1420 punire
760 1370 928 1417 adactus,
961 1377 1002 1408 ut
1034 1370 1171 1408 deinde
1203 1371 1416 1409 ardesceret
1446 1372 1486 1409 in

106 1450 145 1471 20
164 1435 313 1484 nuptias
332 1436 508 1473 incestas.

218 1502 283 1538 26.
314 1500 397 1537 Iam
437 1499 647 1538 Messalina
688 1500 864 1538 facilitate
904 1500 1173 1538 adulteriorum
1216 1501 1256 1538 in
1294 1501 1487 1539 fastidium

164 1577 271 1602 versa
298 1564 347 1602 ad
376 1564 590 1614 incognitas
618 1564 793 1603 libidines
821 1565 1048 1614 profluebat,
1082 1576 1171 1602 cum
1207 1566 1380 1616 abrumpi
1413 1567 1486 1604 dis-

164 1630 446 1668 simulationem
459 1630 573 1667 etiam
589 1629 710 1676 Silius,
725 1630 801 1668 sive
814 1630 918 1668 fatali
931 1630 1132 1668 vaecordia
1143 1642 1193 1667 an
1207 1631 1486 1669 imminentium

164 1695 418 1744 periculorum
440 1695 652 1733 remedium
673 1696 755 1745 ipsa
775 1696 942 1744 pericula
966 1702 1081 1741 ratus,
1103 1697 1312 1745 urguebat:
1343 1697 1486 1747 quippe
1503 1704 1526 1734 2

107 1775 144 1806 25
165 1773 242 1797 non
257 1772 304 1797 eo
316 1766 484 1806 ventum,
499 1767 539 1797 ut
551 1766 746 1797 senectam
762 1761 942 1809 principis
955 1761 1229 1810 opperirentur.
1274 1762 1486 1799 insontibus

164 1825 321 1862 innoxia
358 1825 527 1871 consilia,
562 1824 713 1873 flagitiis
753 1825 964 1863 manifestis
998 1826 1209 1863 subsidium
1242 1827 1292 1864 ab
1328 1826 1486 1865 audacia

163 1889 381 1939 petendum.
438 1889 572 1927 adesse
601 1891 775 1927 conscios
805 1891 910 1939 paria
938 1896 1162 1929 metuentes.
1220 1903 1260 1929 se
1289 1892 1484 1938 caelibem,
1503 1902 1525 1930 3

165 1956 314 2000 orbum,
333 1955 474 2004 nuptiis
488 1961 524 1992 et
544 1954 764 2004 adoptando
780 1954 1000 1993 Britannico
1021 1963 1207 2005 paratum.
1265 1968 1485 1995 mansuram
1502 1963 1526 1992 4

165 2020 327 2058 eandem
365 2018 596 2057 Messalinae
630 2020 853 2069 potentiam,
891 2020 1020 2058 addita
1058 2022 1267 2068 securitate,
1309 2022 1340 2059 si
1376 2024 1485 2071 prae-

107 2100 147 2131 30
165 2086 334 2122 venirent
364 2084 578 2131 Claudium,
607 2091 649 2122 ut
676 2085 820 2122 insidiis
849 2086 1055 2132 incautum,
1084 2086 1135 2124 ita
1163 2087 1239 2124 irae
1268 2099 1484 2136 properum.

167 2150 330 2199 segniter
358 2162 426 2188 eae
445 2162 559 2188 voces
586 2156 777 2199 acceptae,
804 2162 883 2188 non
911 2163 1042 2188 amore
1071 2152 1110 2188 in
1134 2152 1323 2199 maritum,
1342 2153 1411 2191 sed
1436 2165 1484 2190 ne
1501 2162 1523 2192 5

167 2214 278 2252 Silius
307 2226 457 2252 summa
493 2215 651 2264 adeptus
681 2221 876 2264 sperneret
904 2215 1114 2254 adulteram
1152 2216 1351 2267 scelusque
1387 2217 1485 2255 inter

166 2280 340 2329 ancipitia
359 2280 558 2328 probatum
572 2280 665 2317 veris
681 2292 772 2317 mox
786 2280 912 2329 pretiis
927 2281 1150 2318 aestimaret.
1199 2294 1340 2320 nomen
1355 2288 1483 2320 tamen
1500 2296 1523 2325 6
