1634 2640
126 113 203 141 mn.
226 99 295 154 μ]
361 107 511 140 LIBER
541 108 598 139 Vl.
660 109 756 140 c‘AP.
779 116 812 141 v.
843 116 882 141 ιι
909 105 973 155 (vr.
996 107 1087 156 6)·⁴
1111 106 1205 156 (ιο).

85 223 110 254 4
128 213 336 252 crediderat
363 214 541 252 nimirum
567 214 750 263 epistulae
777 214 946 253 subsidio
979 217 1049 253 sibi
1081 217 1237 254 alterum
1272 231 1319 256 ex
1343 231 1433 256 con·

87 288 109 319 δ
129 278 272 317 sulibus
292 280 497 329 poscentis,
515 286 555 317 ut
577 287 676 317 tutus
697 292 719 317 a
735 279 891 329 Capreis
912 281 1044 318 urbem
1066 290 1216 330 peteret.
1260 283 1435 320 Tiberius

128 350 268 391 tamen,
290 343 451 382 ludibria
480 345 584 382 seriis
612 344 841 393 permiscere
871 344 1012 391 solitus,
1034 346 1111 394 egit
1135 347 1251 394 gratis
1271 348 1433 384 benevo-

126 407 264 446 lentiae
283 416 457 459 patrum:
488 409 556 448 sed
572 421 670 459 quos
687 410 809 448 omitti
824 421 949 459 posse,
968 422 1065 460 quos
1080 410 1218 459 deligi?
1239 423 1435 461 semperne

125 473 283 512 eosdem
304 486 353 512 an
373 474 533 512 subinde
553 474 672 512 alios?
693 481 729 512 et
746 474 955 513 honoribus
974 475 1193 525 perfunctos
1209 488 1256 513 an
1272 476 1435 521 iuvenes,
1456 487 1472 518 5

125 538 292 588 privatos
325 551 375 576 an
412 552 434 577 e
471 539 781 588 magistratibus?
822 551 939 590 quam
978 540 1114 579 deinde
1154 541 1320 590 speciem
1358 541 1435 578 sore

125 604 355 641 sumentium
374 604 414 641 in
437 604 565 641 limine
593 605 721 642 curiae
751 604 925 653 gladios?
955 617 1079 654 neque
1105 606 1173 642 sibi
1194 606 1308 643 vitam
1331 606 1433 651 tanti,

83 668 156 705 osi
191 669 306 706 armis
339 669 504 718 tegenda
537 669 643 707 soret.
714 669 807 707 haec
847 669 1026 707 adversus
1061 670 1283 719 Togonium
1315 670 1435 708 verbis

124 733 341 779 moderans,
361 746 484 783 neque
504 739 547 771 ut
563 734 660 771 ultra
680 734 928 772 abolitionem
949 736 1158 773 sententiae
1178 735 1364 773 suaderet.

176 802 203 837 3
223 796 293 849 (9).
324 799 377 836 At
402 798 556 836 Iunium
578 798 808 845 Gallionem,
831 799 896 849 qui
923 806 1120 837 censuerat
1144 807 1185 838 ut
1210 800 1437 849 praetoriani
1459 814 1496 836 10

122 862 216 900 actis
245 863 441 913 stipendiis
468 864 525 900 ius
554 864 812 913 apiscerentur
841 864 879 900 in
910 864 1214 914 quattuordecim
1241 864 1437 902 ordinibus

122 927 291 974 sedendi,
323 928 506 966 violenter
535 929 732 978 increpuit,
763 928 862 966 velut
891 941 1023 966 coram
1058 929 1238 978 rogitans,
1267 929 1358 979 quid
1386 929 1436 966 illi

123 1004 211 1030 cum
231 992 421 1039 militibus,
443 1005 543 1043 quos
563 1005 686 1042 neque
708 993 807 1031 dicta
829 991 1102 1046 [imperatoris]
1125 1006 1248 1044 neque
1269 994 1436 1043 praemia

83 1068 105 1098 2
123 1057 195 1095 nisi
228 1058 277 1096 ab
308 1057 537 1108 imperatore
566 1059 739 1108 accipere
769 1070 838 1108 par
866 1064 976 1097 esset.
1045 1059 1253 1108 repperisse
1281 1071 1435 1109 prorsus

122 1122 228 1173 quod
247 1123 355 1161 divus
383 1123 581 1172 Augustus
612 1135 691 1161 non
720 1123 946 1172 providerit:
976 1135 1027 1161 an
1055 1124 1180 1173 potius
1209 1124 1433 1162 discordiam
1454 1137 1492 1170 ¹5

122 1195 160 1225 et
179 1188 404 1226 seditionem
425 1201 448 1226 a
474 1188 630 1226 satellite
660 1187 787 1226 Seiani
808 1189 1030 1238 quaesitam,
1053 1200 1130 1238 qua
1154 1188 1267 1227 rudes
1288 1189 1435 1227 animos

123 1253 281 1290 nomine
323 1253 481 1292 honoris
520 1253 570 1291 ad
609 1253 931 1303 corrumpendum
970 1253 1123 1291 militiae
1162 1265 1311 1291 morem
1348 1266 1436 1303 pro-

83 1325 105 1356 8
124 1317 303 1367 pelleret?
350 1317 424 1356 hoe
461 1318 624 1368 pretium
668 1317 795 1356 Gallio
835 1317 1035 1356 meditatae
1078 1317 1302 1356 adulationis
1342 1318 1434 1364 tulit,

123 1382 249 1420 statim
267 1383 381 1428 curia,
402 1383 539 1421 deinde
560 1382 669 1421 Italia
695 1389 850 1420 exactus
862 1394 872 1429 ;
902 1389 939 1420 et
960 1382 1048 1432 quia
1067 1382 1309 1420 incusabatur
1327 1382 1435 1421 facile

122 1446 346 1486 toleraturus
375 1447 532 1486 exilium
562 1447 707 1486 delecta
737 1447 878 1493 Lesbo,
899 1447 1022 1486 insula
1050 1446 1168 1485 nobili
1197 1454 1234 1485 et
1261 1459 1435 1495 amoena,
1454 1463 1493 1486 20

123 1511 320 1550 retrahitur
358 1512 398 1550 in
432 1513 567 1550 urbem
605 1511 889 1562 custoditurque
924 1511 1104 1550 domibus
1137 1512 1434 1561 magistratuum.

81 1585 106 1614 4
122 1576 244 1614 isdem
263 1576 391 1615 litteris
404 1576 546 1615 Caesar
563 1576 734 1614 Sextium
751 1576 1012 1614 Paconianum
1033 1576 1262 1625 praetorium
1281 1577 1434 1626 perculit

123 1653 266 1691 magno
285 1648 437 1691 patrum
461 1641 614 1691 gaudio,
635 1641 831 1688 audacem,
851 1641 1077 1687 maleficum,
1099 1642 1272 1679 omnium
1293 1648 1434 1679 secreta

122 1707 324 1744 rimantem
363 1706 630 1756 delectumque
668 1707 717 1744 ab
756 1705 897 1744 Seiano
935 1706 1040 1744 cuius
1073 1718 1146 1756 ope
1186 1705 1296 1744 dolus
1334 1705 1434 1744 Gaio

82 1778 106 1808 5
124 1770 280 1810 Caesari
315 1777 519 1821 pararetur.
576 1771 681 1821 quod
714 1777 921 1820 postquam
955 1770 1198 1819 patefactum,
1229 1782 1434 1820 prorupere
1455 1783 1493 1815 ²5

122 1842 310 1886 concepta
328 1835 478 1886 pridem
497 1835 599 1882 odia,
620 1842 658 1873 et
679 1846 872 1873 summum
899 1834 1127 1885 supplicium
1151 1834 1434 1881 decernebatur,

122 1901 160 1938 ni
181 1900 373 1950 professus
393 1900 576 1938 indicium
597 1899 706 1938 foret.

175 1969 206 2003 4
223 1963 319 2016 (10).
348 1964 404 2003 Ut
418 1977 507 2003 vero
526 1964 720 2002 Latinium
737 1963 930 2002 Latiarem
945 1964 1138 2013 ingressus
1152 1970 1220 2009 est,
1237 1969 1435 2002 accusator

122 2041 168 2068 ac
203 2041 290 2068 reus
325 2030 430 2067 iuxta
462 2029 571 2067 in'visi
605 2029 862 2079 gratissimum
896 2027 1154 2078 spectaculum
1190 2028 1432 2077 praebebant.

123 2092 296 2141 Latiaris,
335 2099 378 2132 ut
414 2094 548 2139 rettuli,
587 2094 812 2143 praecipuus
855 2093 946 2131 olim
984 2091 1304 2130 circumveniendi
1341 2091 1432 2129 Titii
1456 2103 1495 2134 30

81 2164 104 2193 2
124 2157 256 2196 Sabini
289 2164 327 2196 et
359 2165 450 2196 tunc
488 2157 649 2196 luendae
687 2169 833 2207 poenae
870 2157 1014 2206 primus
1052 2156 1131 2194 fuit.
1202 2156 1297 2193 inter
1334 2167 1432 2205 quae

123 2221 304 2260 Haterius
335 2222 509 2272 Agrippa
538 2221 716 2261 consules
744 2221 834 2259 anni
863 2220 996 2271 prioris
1024 2221 1168 2267 invasit,
1202 2232 1269 2258 cur
1301 2226 1434 2257 mutua

191 2317 253 2340 12⁴⁹
1296 2310 1319 2337 Β
