1634 2640
124 109 201 137 Μ).
224 95 296 148 48.]
501 101 650 133 LIBER
681 101 746 132 xl.
807 102 904 133 CAP.
939 108 1078 144 25—29.

123 205 353 244 matrimonii
372 205 589 254 concupivit
610 205 662 241 ob
682 204 987 253 magnitudinem
1009 205 1196 250 infamiae,
1219 207 1324 242 cuius
1345 206 1445 255 apud

82 282 104 315 ⁷
122 270 304 321 prodigos
332 271 537 308 novissima
558 270 732 318 voluptas
752 276 820 307 est.
878 281 949 306 nec
976 269 1071 306 ultra
1091 278 1311 318 exspectato
1330 283 1445 319 quam

121 335 215 373 dum
239 335 413 373 sacrificii
437 335 559 384 gratia
585 334 769 372 Claudius
793 333 942 372 Ostiam
972 333 1283 383 proficisceretur,
1309 343 1445 372 cuncta

122 400 340 450 nuptiarum
360 400 559 439 sollemnia
579 400 755 438 celebrat.

175 468 241 504 27.
271 465 390 503 Haud
418 477 503 503 sum
535 465 692 514 ignarus
721 464 939 502 fabulosum
968 464 1089 501 visum
1117 463 1160 501 iri
1189 470 1336 501 tantum
1365 463 1446 501 ullis
1463 471 1480 503 5

121 530 338 568 mortalium
358 531 564 568 securitatis
592 529 707 568 fuisse
733 530 771 567 in
792 529 939 568 civitate
960 529 1134 567 omnium
1159 541 1276 578 gnara
1295 535 1332 566 et
1356 529 1446 566 nihil

120 595 309 640 reticente,
329 595 472 634 nedum
495 595 693 633 consulem
722 596 964 645 designatum
988 606 1076 632 cum
1108 606 1227 632 uxore
1257 595 1446 644 principis,

122 660 313 710 praedicta
331 660 402 706 die,
422 659 598 698 adhibitis
619 661 683 710 qui
711 661 973 710 obsignarent,
994 659 1094 697 velut
1120 659 1446 709 suscipiendorum

121 725 328 763 liberorum
363 737 478 763 causa
507 726 744 771 convenisse,
776 733 889 774 atque
929 725 1029 762 illam
1062 725 1209 762 audisse
1248 726 1446 774 auspicum

121 791 246 836 verba,
288 790 443 836 subisse,
488 790 720 828 sacrificasse
768 790 871 840 apud
918 790 1032 836 deos3
1077 790 1306 827 discubitum
1353 791 1447 827 inter

123 855 312 902 convivas,
340 855 473 893 oscula
496 856 734 905 complexus,
763 863 918 893 noctem
948 855 1113 904 denique
1140 860 1267 892 actam
1295 854 1447 893 licentia

82 930 104 959 2
123 920 323 970 coniugali.
380 920 448 958 sed
491 920 582 958 nihil
624 921 886 971 compositum
930 919 1103 958 miraculi
1146 932 1274 966 causa,
1317 931 1446 957 verum

122 985 250 1023 audita
270 986 483 1035 scriptaque
503 986 715 1023 senioribus
735 985 893 1023 tradam.

177 1054 247 1089 28.
280 1050 400 1100 Igitur
428 1050 564 1088 domus
592 1051 773 1100 principis
802 1051 1049 1096 inhorruerat,
1079 1051 1322 1100 maximeque
1349 1062 1446 1100 quos

122 1124 240 1162 penes
257 1113 427 1162 potentia
445 1118 494 1159 et,
517 1114 547 1150 si
568 1125 628 1151 res
645 1121 891 1160 verterentur,
912 1112 1087 1159 formido,
1103 1124 1182 1150 non
1201 1114 1277 1150 iarn
1296 1113 1446 1151 secretis

122 1178 349 1228 conloquiis,
369 1178 439 1216 sed
463 1185 594 1227 aperte
620 1178 792 1224 fremere,
821 1178 913 1216 dum
936 1178 1067 1215 histrio
1097 1177 1315 1215 cubiculum
1342 1178 1446 1227 prin-

123 1243 217 1292 cipis
230 1243 471 1289 insultaverit,
484 1242 650 1281 dedecus
667 1243 821 1292 quidem
836 1243 1005 1287 inlatum,
1021 1242 1087 1280 sed
1102 1242 1294 1280 excidium
1313 1243 1446 1292 procul

122 1307 282 1345 afuisse:
312 1319 414 1346 nunc
434 1308 610 1346 iuvenem
626 1307 793 1346 nobilem
816 1307 996 1357 dignitate
1017 1307 1162 1345 formae
1182 1308 1218 1344 vi
1241 1308 1380 1345 mentis
1399 1320 1445 1346 ac

122 1374 338 1423 propinquo
367 1374 565 1411 consulatu
595 1373 782 1411 maiorem
812 1374 861 1411 ad
890 1385 997 1423 spem
1026 1373 1202 1422 adcingi3
1243 1385 1315 1410 nec
1344 1374 1447 1410 enirn

83 1448 105 1477 2
123 1437 326 1484 oecultum,
357 1438 449 1488 quid
478 1445 566 1488 post
595 1438 670 1476 tale
699 1439 985 1476 matrimonium
1014 1444 1239 1487 superesset.
1297 1439 1447 1476 subibat

122 1503 203 1540 sine
223 1503 340 1541 dubio
359 1511 482 1541 metus
503 1510 722 1553 reputantes
747 1503 926 1541 hebetem
946 1503 1149 1541 Claudium
1179 1510 1216 1540 et
1246 1504 1353 1541 uxori
1382 1503 1446 1541 de-

82 1577 105 1607 3
122 1569 290 1606 vinctum
308 1568 524 1618 multasque
545 1576 690 1606 mortes
716 1568 823 1607 iussu
844 1568 1076 1606 Messalinae
1103 1574 1289 1617 patratas:
1318 1580 1447 1606 rursus

121 1633 204 1682 ipsa
223 1632 379 1670 facilitas
400 1633 639 1682 imperatoris
659 1632 837 1670 fiduciam
854 1632 979 1677 dabat,
996 1632 1028 1669 si
1057 1632 1253 1670 atrocitate
1278 1632 1447 1670 criminis

123 1697 431 1747 praevaluissent,
462 1709 575 1747 posse
605 1697 772 1747 opprimi
802 1697 1025 1734 damnatam
1054 1704 1142 1734 ante
1171 1709 1287 1746 quam
1318 1709 1446 1744 ream;

123 1763 190 1800 sed
209 1763 248 1800 in
271 1775 319 1800 eo
338 1762 545 1800 discrimen
565 1763 668 1808 verti,
691 1763 722 1800 si
743 1762 914 1800 defensio
933 1761 1138 1809 audiretur,
1160 1770 1277 1811 utque
1297 1762 1447 1800 clausae
1468 1776 1482 1797 2

123 1839 235 1866 aures
255 1828 369 1866 etiam
389 1827 585 1865 confitenti
613 1827 749 1866 forent.

177 1896 248 1932 29.
276 1892 335 1930 Ac
351 1893 476 1942 primo
492 1892 682 1939 Callistus,
704 1893 780 1930 iam
797 1893 890 1930 mihi
905 1893 1006 1930 circa
1025 1904 1160 1931 necem
1181 1891 1447 1932 Gat'Caesaris

123 1966 305 2005 narratus,
323 1965 360 1995 et
375 1958 576 2007 Appianae
593 1958 722 1996 caedis
742 1958 896 1996 molitor
912 1957 1116 1996 Narcissus
1136 1958 1445 2006 flagrantissima-

124 2035 198 2073 que
217 2035 264 2062 eo
288 2023 521 2072 intempore
547 2023 669 2072 gratia
698 2023 822 2061 Pallas
843 2023 1044 2072 agitavere,
1072 2027 1166 2060 n'um
1194 2021 1446 2060 Messalinam

1466 802 1505 824 10

1466 1123 1503 1155 15

1468 1451 1507 1472 20

123 2088 276 2126 secretis
287 2087 400 2138 minis
414 2087 646 2137 depellerent
659 2099 791 2125 amore
809 2086 898 2133 Silii,
914 2094 1052 2125 cuncta
1067 2087 1141 2124 alia
1153 2087 1444 2125 dissimulantes.
1465 2099 1507 2130 30

83 2159 106 2189 2
124 2153 212 2190 dein
230 2158 347 2199 metu,
363 2165 412 2190 ne
427 2153 476 2190 ad
495 2153 703 2202 perniciem
723 2153 823 2190 ultro
843 2152 1092 2197 traherentur,
1108 2152 1305 2199 desistunt,
1321 2151 1445 2190 Pallas

123 2230 192 2268 per
228 2218 430 2268 ignaviam,
471 2217 648 2256 Callistus
690 2217 826 2267 prioris
866 2228 1022 2267 quoque
1062 2217 1188 2266 regiae
1231 2217 1371 2266 peritus
1408 2224 1444 2254 et

124 2283 330 2332 potentiam
347 2282 466 2320 cautis
482 2294 599 2332 quam
616 2283 766 2320 acribus
781 2281 946 2320 consiliis
967 2281 1082 2319 tutius
1102 2280 1232 2318 haberi
1248 2293 1256 2318 z
1288 2282 1444 2330 perstitit
