1634 2640
127 123 198 150 mn.
220 108 290 163 ³5]
395 117 544 148 LIBER
571 118 629 149 VJ.
690 120 789 150 CAP.
814 126 862 162 30
883 114 1048 164 (36)-33
1072 117 1165 165 (39).

124 219 313 270 plerisque
335 226 399 258 aut
420 221 593 258 nondum
615 221 760 268 adultis,
784 221 971 260 Phraaten
997 226 1093 273 regis
1126 226 1294 265 Phraatis
1326 228 1439 265 filium

125 283 255 323 Roma
301 285 542 334 poscebant:
593 287 746 323 nomine
787 293 932 324 tantum
981 296 1017 325 et
1066 297 1219 327 auctore
1258 303 1364 339 opus,
1403 303 1441 329 ut

124 357 260 399 sponte
290 349 463 388 Caesaris
496 347 574 403 [ut]
606 363 727 400 genus
762 352 913 390 Arsacis
951 353 1071 402 ripam
1105 354 1206 403 apud
1239 354 1441 404 Euphratis

123 422 348 454 cerneretur.

177 483 232 519 32
251 479 348 532 (38).
380 479 565 530 Cupitum
591 481 629 519 id
649 480 830 520 Tiberio:
862 490 973 520 ornat
995 482 1181 520 Phraaten
1202 484 1441 533 accingitque

123 552 325 595 paternum
353 545 402 584 ad
437 545 636 596 fastigium,
669 546 856 584 destinata
886 548 1062 592 retinens,
1094 549 1262 586 consiliis
1293 556 1329 587 et
1358 559 1442 587 astu

82 618 182 649 2res
219 618 394 649 externas
428 611 562 656 moliri,
595 623 700 649 arma
734 612 866 661 procul
900 612 1048 651 habere.
1106 614 1247 652 interea
1281 616 1441 664 cognitis

122 675 266 714 insidiis
302 675 521 714 Artabanus
559 677 697 714 tardari
737 684 851 722 metu,
888 678 1004 715 modo
1044 679 1219 728 cupidine
1257 679 1441 718 vindictae

83 740 372 780 sinardescere.
427 747 463 779 et
502 742 670 780 barbaris
709 742 900 780 cunctatio
941 743 1093 789 servilis,
1126 744 1251 781 statim
1285 745 1441 794 exsequi

122 805 267 856 regium
305 806 474 844 videtur:
516 806 630 844 valuit
671 815 798 844 tamen
837 808 986 853 utilitas,
1027 815 1068 845 ut
1113 808 1267 846 Abdum
1317 810 1441 858 specie

123 871 309 910 amicitiae
329 879 505 910 vocatum
527 872 575 909 ad
595 872 725 922 epulas
747 872 849 910 lento
870 885 1018 910 veneno
1043 873 1224 922 inligaret,
1249 873 1440 913 Sinnacen

80 936 418 974 4dissimulatione
456 949 501 974 ac
534 936 656 982 donis,
691 937 804 974 simul
838 950 906 986 per
937 939 1091 987 negotia
1129 945 1348 976 moraretur.
1405 946 1441 977 et

123 1000 302 1039 Phraates
325 1001 426 1051 apud
459 1001 607 1039 Suriam
637 1001 728 1039 dum
757 1002 901 1040 omisso
931 1002 1034 1040 cultu
1065 1002 1256 1049 Romano,
1288 1004 1346 1041 cui
1375 1016 1441 1053 per

123 1074 177 1104 tot
196 1078 318 1104 annos
339 1066 562 1112 insueverat,
586 1067 754 1104 instituta
780 1067 1007 1105 Parthorum
1030 1068 1154 1113 sumit,
1176 1069 1304 1117 patriis
1325 1069 1439 1105 mori-

81 1139 103 1170 5
122 1131 193 1169 bus
215 1130 338 1180 impar
364 1132 500 1169 morbo
529 1131 753 1181 absumptus
783 1137 850 1169 est.
908 1132 974 1170 sed
1003 1144 1081 1170 non
1111 1132 1289 1170 Tiberius
1313 1133 1438 1170 omisit

120 1196 294 1246 incepta:
339 1196 550 1234 Tiridatem
580 1197 776 1245 sanguinis
805 1196 975 1234 eiusdem
1005 1197 1199 1235 aemulum
1230 1197 1437 1243 Artabano,

119 1260 467 1311 reciperandaeque
487 1261 693 1299 Armeniae
715 1260 904 1299 Hiberum
932 1260 1176 1299 Mithridaten
1198 1261 1327 1310 deligit
1347 1274 1436 1300 con-

119 1325 297 1375 ciliatque
316 1324 419 1363 fratri
450 1325 709 1371 Pharasmani,
731 1326 796 1375 qui
816 1325 956 1375 gentile
987 1326 1187 1374 imperium
1216 1326 1438 1372 obtinebat3

118 1397 156 1429 et
193 1390 342 1429 cunctis
375 1403 474 1441 quae
515 1390 617 1441 apud
660 1390 856 1429 Orientem
897 1391 1127 1440 parabantur
1165 1389 1209 1428 L.
1246 1390 1439 1428 Vitellium

77 1455 308 1505 epraefecit.
365 1467 412 1494 eo
449 1455 496 1494 de
535 1455 693 1493 homine
728 1455 832 1494 haud
871 1467 954 1493 sum
988 1456 1141 1505 ignarus
1177 1455 1365 1494 sinistram
1399 1457 1437 1493 in

120 1520 213 1558 urbe
233 1520 386 1566 famam,
409 1520 591 1569 pleraque
612 1520 724 1558 foeda
753 1520 970 1566 memorari,
996 1527 1164 1558 ceterum
1193 1521 1233 1557 in
1262 1521 1437 1569 regendis

80 1595 102 1628 7
121 1585 324 1635 provinciis
358 1585 482 1634 prisca
511 1585 644 1622 virtute
673 1584 761 1634 egit.
818 1584 920 1621 unde
949 1596 1141 1633 regressus
1170 1591 1207 1621 et
1235 1583 1437 1622 formidine

122 1647 199 1689 Gai
220 1648 406 1695 Caesaris,
425 1649 677 1687 familiaritate
698 1648 848 1687 Claudii
872 1656 981 1698 turpe
1002 1649 1040 1686 in
1062 1649 1252 1686 servitium
1273 1656 1436 1687 mutatus

121 1714 316 1764 exemplar
336 1714 439 1764 apud
468 1721 641 1764 posteros
672 1713 870 1752 adulatorii
899 1713 1096 1751 dedecoris
1126 1713 1295 1759 habetur,
1317 1726 1436 1752 cesse·

120 1785 282 1829 runtque
302 1779 424 1828 prima
444 1779 656 1828 postremis,
677 1784 714 1816 et
733 1779 835 1817 bona
853 1778 1028 1816 iuventae
1057 1784 1231 1817 senectus
1250 1777 1436 1827 flagitiosa

120 1843 355 1882 oblitteravit.

175 1913 230 1949 33
250 1907 348 1960 (39).
377 1908 429 1947 At
467 1921 513 1947 ex
547 1909 686 1958 regulis
725 1909 826 1959 prior
858 1908 1098 1946 Mithridates
1138 1907 1436 1946 Pharasmanem

122 1973 283 2024 perpulit
303 1973 394 2012 dolo
413 1980 449 2011 et
467 1974 502 2011 vi
523 1980 683 2012 conatus
704 1986 793 2012 suos
813 1974 948 2019 iuvare,
964 1973 1175 2022 repertique
1197 1979 1438 2022 corruptores

81 2047 104 2078 2
121 2037 313 2076 ministros
332 2036 485 2076 Arsacis
505 2038 626 2076 multo
646 2050 738 2075 auro
757 2038 806 2075 ad
827 2037 950 2076 scelus
975 2043 1116 2086 cogunt
1128 2049 1138 2083 ;
1169 2036 1280 2074 simul
1301 2036 1436 2074 Hiberi

122 2102 272 2152 magnis
305 2103 428 2152 copiis
458 2103 684 2141 Armeniam
714 2103 937 2152 inrumpunt
965 2109 1001 2140 et
1031 2102 1124 2139 urbe
1154 2101 1338 2139 Artaxata
1369 2113 1437 2150 po-

122 2165 276 2206 tiuntur.
331 2178 430 2218 quae
462 2175 666 2218 postquam
695 2167 895 2206 Artabano
925 2167 1090 2216 cognita,
1124 2166 1242 2204 filium
1278 2165 1437 2204 Oroden

122 2232 285 2270 ultorem
323 2239 459 2283 parat;
502 2232 566 2270 dat
604 2232 831 2271 Parthorum
870 2232 1012 2282 copias,
1047 2231 1158 2270 mittit
1195 2231 1260 2281 qui
1302 2230 1438 2268 auxilia

84 2296 299 2337 amercede
327 2296 516 2336 facerent:
547 2304 680 2336 contra
710 2297 985 2335 Pharasmanes
1015 2296 1223 2346 adiungere
1255 2295 1435 2340 Albanos,

201 2378 263 2402 im
1304 2369 1331 2398 Θ

1461 496 1479 528 5

1464 822 1502 844 10

1460 1144 1495 1175 15

1458 1470 1499 1494 20

1457 1791 1496 1824 ²5

1455 2112 1497 2145 30
