1643 2655
434 91 674 125 CORNELII
704 91 874 124 TACITI
899 89 1176 122 ANNALJUM
1229 81 1367 135 [A.U.C.
1391 88 1463 131 786.

147 203 223 236 tate
253 197 403 247 saepius
432 209 549 246 quam
579 195 762 234 industria
794 194 1144 234 commendabatur.
1201 193 1289 231 huic
1318 191 1508 231 Drusil-4.

146 263 235 308 lam,
263 262 415 301 Vinicio
444 262 581 300 Iuliam
611 261 845 299 Germanico
874 245 1029 313 genitas}
1049 258 1246 308 coniungit
1275 269 1465 308 superque

147 340 192 366 ea
211 340 251 365 re
272 328 418 366 senatui
439 327 577 372 scribit,
593 326 663 364 levi
683 338 771 364 cum
791 326 936 364 honore
955 325 1145 363 iuvenum.
1203 323 1291 361 dein
1311 322 1466 360 redditis
1483 330 1506 359 5

147 392 341 431 absentiae
370 391 859 454 cafflssffideQdesvagiS
889 390 990 428 flexit
1019 389 1068 427 ad
1091 389 1266 438 graviora
1290 394 1327 427 et
1345 388 1466 426 offen-

109 472 128 505 5
148 459 274 496 siones
309 460 367 496 ob
390 450 472 496 ’i'e‘m
498 448 699 508 ”publicam
720 448 898 517 coeptas,
930 463 1045 505 utque
1087 454 1222 492 Macro
1255 453 1467 503 praefectus

147 524 464 573 tribunorumque
511 529 548 561 et
599 522 866 560 centurionum
918 521 1031 571 pauci
1078 531 1209 557 secum
1257 518 1466 564 introirent,

144 589 324 649 ¹quotiens
344 589 487 655 curi-am
507 587 776 638 ingrederetur,
798 587 935 636 petiy-it.
955 579 966 632 l
993 586 1173 635 factoque
1201 584 1303 634 large
1328 590 1364 621 et
1384 583 1465 621 sine
1483 589 1508 619 6

127 638 463 703 ‘praescriptione‘
475 643 624 702 generis
654 659 718 690 aut
747 652 894 689 numeri
924 657 1077 689 senatus
1106 642 1349 705 consultolne
1368 654 1468 686 tecta

148 720 303 770 quidem
345 720 459 766 urbis,
500 719 597 757 adeo
636 718 831 768 publicum
874 717 1074 755 consilium
1114 728 1326 766 numquam
1363 714 1466 761 adiit,

92 800 132 825 ιο
148 785 264 823 deviis
284 785 509 835 plerumque
529 779 728 843 itineribuq
747 782 920 821 ambiens
940 782 1102 832 patriam
1118 788 1155 819 et
1175 781 1380 819 declinans.

47 847 370 902 stTss'ffl2).
400 850 549 888 Interea
579 860 722 899 magna
754 849 809 886 vis
846 854 1112 887 accusatorum
1144 847 1184 884 in
1217 858 1284 885 eos
1315 845 1466 896 inrupit,

149 917 214 966 qui
243 916 424 966 pecunias
452 916 605 953 faenore
634 914 869 952 auctitabant
897 913 1099 951 adversum
1128 912 1254 961 legem
1278 911 1469 950 dictatoris

150 981 335 1027 Caesaris,
356 993 432 1030 qua
451 979 498 1018 de
524 979 642 1017 modo
665 978 845 1016 credendi
869 977 1165 1028 possidendique
1193 977 1291 1015 intra
1318 976 1469 1014 Italiam

150 1052 311 1092 cavetur,
342 1045 523 1084 omissam
553 1045 658 1090 olim,
689 1043 778 1093 quia
805 1043 952 1094 privato
981 1043 1066 1081 usui
1095 1043 1243 1080 bonum
1274 1042 1470 1091 publicum

94 1128 130 1161 15
149 1112 399 1161 postponitur.
457 1122 549 1148 sane
568 1115 674 1147 vetus
697 1107 782 1146 urbi
808 1108 988 1146 faenebre
1020 1107 1165 1145 malum
1185 1114 1221 1145 et
1240 1107 1470 1145 seditionum
1489 1118 1510 1148 2

150 1177 498 1226 discordiarumque
527 1174 757 1213 creberrima
783 1186 910 1220 causa,
942 1185 1067 1223 eoque
1099 1172 1347 1211 cohibebatur
1373 1172 1470 1210 anti-

150 1242 234 1293 quis
283 1253 437 1292 quoque
486 1247 523 1278 et
568 1241 697 1277 minus
745 1239 930 1289 corruptis
978 1238 1160 1276 moribus.
1217 1250 1308 1275 nam
1346 1238 1471 1287 primo
1489 1249 1511 1278 3

150 1307 352 1345 duodecim
381 1305 515 1344 tabulis
543 1312 728 1352 sanctum,
750 1317 799 1342 ne
819 1305 903 1354 quis
931 1303 1103 1341 unciario
1133 1303 1288 1341 faenore
1308 1303 1472 1352 amplius

150 1379 353 1419 exerceret,
392 1383 481 1410 cum
528 1377 640 1409 antea
683 1383 730 1408 ex
769 1369 924 1407 libidine
962 1369 1209 1418 locupletium
1247 1368 1471 1417 agitaretur3

93 1454 133 1478 20
151 1438 237 1476 dein
266 1438 464 1487 rogatione
494 1436 696 1474 tribunicia
725 1435 774 1473 ad
803 1435 1017 1473 semuncias
1042 1433 1251 1481 redactum,
1275 1440 1471 1483 postremo

149 1503 261 1541 vetita
280 1515 441 1541 versura.
494 1501 698 1550 multisque
713 1500 835 1550 plebis
855 1500 956 1538 scitis
976 1499 1128 1537 obviam
1148 1499 1243 1537 itum
1261 1498 1469 1545 fraudibus,
1487 1509 1513 1538 4

150 1581 247 1619 quae
276 1570 414 1607 totiens
444 1579 639 1617 repressae
677 1567 793 1604 miras
829 1578 896 1616 per
927 1572 1026 1603 artes
1059 1577 1208 1603 rursum
1241 1565 1470 1603 oriebantur.

150 1635 216 1672 scd
246 1641 325 1671 tum
356 1632 556 1671 Gracchus
585 1638 748 1682 praetor,
770 1631 830 1669 cui
859 1643 905 1668 ea
935 1630 1108 1680 quaestio
1138 1637 1324 1676 evenerat,
1346 1630 1470 1667 multi·
1487 1638 1511 1668 5

150 1700 279 1736 tudine
300 1699 594 1748 periclitantium
618 1699 799 1735 subactus
820 1696 959 1734 rettulit
979 1696 1028 1734 ad
1049 1702 1236 1742 senatum,
1258 1695 1471 1746 trepidique

93 1781 131 1813 25
150 1772 277 1815 patres
308 1763 449 1815 (neque
483 1764 586 1801 enim
617 1764 821 1813 quisquam
852 1761 916 1799 tali
946 1761 1058 1811 culpa
1091 1760 1252 1812 vacuus)
1273 1761 1421 1799 veniam
1449 1773 1472 1798 a

149 1830 320 1880 principe
349 1830 535 1879 petivere3
566 1835 603 1866 et
634 1827 868 1866 concedente
894 1838 1017 1864 annus
1044 1827 1083 1863 in
1111 1833 1306 1875 posterum
1327 1838 1470 1875 sexque

149 1907 300 1933 menses
329 1895 417 1941 dati,
449 1895 533 1944 quis
567 1892 779 1932 secundum
809 1892 912 1930 iussa
942 1892 1034 1940 legis
1073 1892 1239 1929 rationes
1269 1891 1471 1930 familiares

149 1961 310 2011 quisque
338 1965 626 2009 componerent.

203 2030 250 2065 17
290 2023 388 2078 (23).
437 2025 540 2062 Hinc
578 2023 709 2074 inopia
746 2023 798 2061 rei
835 2022 1084 2069 nummariae,
1125 2029 1320 2061 commoto
1359 2021 1470 2060 simul

92 2106 133 2138 30
151 2091 325 2129 omnium
354 2103 441 2128 aere
469 2089 604 2136 alieno,
633 2096 669 2127 et
697 2089 786 2138 quia
815 2094 870 2125 tot
899 2088 1086 2125 damnatis
1115 2088 1304 2138 bonisque
1333 2099 1469 2125 eorum

150 2156 347 2194 divenditis
379 2156 572 2204 signatum
607 2160 807 2204 argentum
840 2153 933 2191 fisco
964 2153 1022 2190 vel
1053 2153 1198 2191 aerario
1229 2153 1468 2191 attinebatur.

151 2222 200 2261 ad
229 2221 302 2260 hoc
332 2228 484 2259 senatus
515 2220 822 2270 praescripserat,
845 2218 938 2256 duas
959 2219 1119 2268 quisque
1149 2218 1313 2257 faenoris
1341 2224 1468 2267 partes
1485 2223 1508 2254 2

151 2289 191 2327 in
219 2288 321 2337 agris
349 2300 416 2336 per
445 2286 595 2324 Italiam
625 2285 856 2324 conlocaret.
915 2283 983 2321 sed
1012 2283 1216 2321 creditores
1243 2284 1282 2321 in
1303 2282 1465 2322 solidum
