1634 2640
117 116 196 144 mn.
217 101 290 156 ⁴9·]
484 110 633 142 LIBER
665 111 750 142 ΧΗ.
810 111 907 143 CAP.
942 116 1054 153 7-12.

116 220 292 263 coeptam
321 213 524 251 nobiseum
549 214 765 257 amicitiam,
786 221 823 251 et
845 214 1145 251 subveniendum
1172 217 1284 253 sociis
1307 217 1438 252 virium

74 284 99 314 4
116 278 275 317 aemulis
297 278 597 328 cedentibusque
621 291 690 328 per
714 279 971 316 reverentiam.
1031 279 1116 316 ideo
1144 292 1276 329 regum
1303 281 1439 318 liberos

116 343 269 383 obsides
302 343 394 389 dari,
425 351 476 390 ut,
508 345 538 380 si
568 343 767 381 domestici
803 344 949 393 imperii
980 344 1139 389 taedeat,
1170 345 1215 381 sit
1247 357 1441 393 regressus

117 408 166 447 ad
200 409 411 458 principem
453 415 667 459 patresque,
696 421 862 459 quorum
897 410 1067 446 moribus
1101 408 1341 447 adsuefactus
1375 422 1439 447 rex

117 473 251 512 melior
279 474 562 512 adscisceretur.
1459 482 1477 514 5

170 544 228 579 11.
258 539 335 577 Ubi
373 539 467 577 haec
500 546 613 590 atque
647 539 735 577 talia
769 540 1029 586 dissertavere‚
1068 540 1200 589 incipit
1229 540 1438 578 orationem

118 604 262 644 Caesar
291 604 338 642 de
368 604 516 654 fastigio
546 604 727 642 Romano
756 604 1061 655 Parthorumque
1091 606 1294 655 obsequiis,
1326 618 1440 655 seque

117 670 205 707 divo
238 670 413 719 Augusto
451 670 703 720 adaequabat,
742 671 901 720 petitum
938 671 988 708 ab
1019 683 1066 709 eo
1104 683 1234 720 regem
1266 671 1441 717 referens,

77 743 100 772 2
118 735 259 773 omissa
279 734 425 772 Tiberii
448 736 644 781 memoria,
666 747 901 785 quamquam
926 736 957 773 is
978 748 1132 785 quoque
1155 737 1319 774 miserat.
1377 736 1442 773 ad-

118 799 211 837 didit
239 807 443 850 praecepta
468 799 623 851 (etenim
648 800 777 838 aderat
799 799 1073 851 Meherdates),
1099 808 1140 838 ut
1163 813 1242 838 non
1270 800 1441 838 domina·
1464 811 1503 834 10

118 865 263 903 tionem
302 872 339 903 et
368 877 506 911 servos,
538 865 605 903 sed
639 873 826 903 rectorem
855 872 893 902 et
921 866 1022 904 cives
1052 867 1246 915 cogitaret,
1275 866 1442 904 clemen-

118 931 286 980 tiamque
315 941 361 968 ac
389 931 580 976 iustitiam,
610 938 756 980 quanto
784 931 915 980 ignota
945 932 1126 978 barbaris,
1156 937 1261 968 tanto
1290 931 1444 969 laetiora

78 1003 101 1034 8
118 1002 340 1045 capesseret.
398 995 486 1033 hinc
507 1008 634 1034 versus
655 996 702 1034 ad
723 996 868 1046 legatos
888 996 1031 1034 extollit
1053 996 1226 1034 laudibus
1246 996 1443 1034 alumnum

119 1061 234 1106 urbis,
265 1067 455 1110 spectatae
485 1060 533 1098 ad
555 1061 593 1098 id
622 1061 860 1099 modestiae:
893 1073 936 1099 ac
966 1068 1096 1099 tamen
1124 1061 1280 1099 ferenda
1310 1073 1443 1111 regum

77 1127 284 1175 4ingenia,
325 1138 449 1176 neque
488 1127 572 1165 usui
613 1127 764 1164 crebras
803 1127 1044 1164 mutationes.
1102 1139 1183 1164 rem
1224 1125 1443 1164 Romanam
1465 1136 1501 1168 15

120 1190 193 1228 huc
214 1191 384 1228 satietate
413 1190 556 1241 gloriae
582 1198 814 1241 provectam,
835 1198 876 1228 ut
901 1192 1068 1229 externis
1088 1203 1242 1241 quoque
1268 1191 1444 1240 gentibus

119 1256 286 1305 quietem
302 1255 397 1293 velit.
455 1256 584 1293 datum
606 1256 766 1306 posthac
788 1255 831 1294 C.
855 1255 1001 1302 Cassio,
1023 1257 1088 1306 qui
1105 1256 1236 1294 Suriae
1257 1263 1443 1306 praeerat,

119 1321 309 1359 deducere
328 1321 503 1359 iuvenem
522 1322 644 1371 ripam
664 1321 713 1359 ad
732 1321 948 1371 Euphratis.

172 1391 235 1425 12.
260 1386 320 1424 Ea
357 1394 581 1436 tempestate
621 1386 775 1425 Cassius
814 1394 960 1424 ceteros
1007 1387 1269 1437 praeminebat
1310 1387 1444 1436 peritia

118 1452 270 1502 legum:
317 1463 407 1489 nam
442 1452 622 1490 militares
655 1459 753 1490 artes
783 1464 849 1501 per
879 1452 999 1489 otium
1029 1453 1194 1502 ignotae,
1224 1451 1442 1490 industrios·
1463 1464 1502 1486 20

78 1528 101 1558 2
119 1529 192 1567 que
212 1524 275 1555 aut
290 1517 450 1566 ignavos
471 1529 546 1567 pax
567 1517 606 1554 in
627 1529 751 1567 aequo
771 1524 883 1555 tenet.
942 1529 987 1554 ac
1008 1524 1136 1554 tamen
1157 1523 1342 1567 quantum
1362 1517 1443 1554 sine

118 1582 218 1621 bello
247 1582 418 1629 dabatur,
444 1594 622 1620 revocare
646 1582 812 1631 priscum
841 1593 1003 1628 morem,
1032 1582 1238 1620 exercitare
1261 1582 1442 1631 legiones,

120 1659 210 1686 cura
230 1647 382 1697 provisu
404 1647 560 1697 perinde
580 1659 695 1696 agere
716 1659 761 1685 ac
783 1648 813 1684 si
835 1646 954 1684 hostis
970 1648 1184 1696 ingrueret:
1214 1646 1266 1684 ita
1285 1647 1444 1695 dignum

119 1713 327 1750 maioribus
346 1712 424 1750 suis
445 1718 483 1750 et
502 1712 642 1750 familia
664 1711 796 1750 Cassia
816 1716 922 1748 ratus
947 1725 1013 1763 per
1034 1712 1114 1749 illas
1133 1723 1289 1762 quoque
1310 1718 1443 1761 gentes

79 1778 316 1818 acelebrata.
373 1778 485 1828 igitur
522 1778 655 1815 excitis
689 1789 852 1827 quorum
888 1777 934 1815 de
968 1778 1155 1814 sententia
1191 1778 1329 1826 petitus
1366 1788 1443 1822 rex,
1464 1790 1502 1823 25

118 1843 324 1894 positisque
345 1842 478 1881 castris
499 1843 599 1892 apud
619 1842 803 1892 Zeugma,
824 1843 924 1880 unde
945 1843 1112 1880 maxime
1138 1843 1288 1892 pervius
1308 1842 1441 1887 amnis,

119 1915 323 1959 postquam
343 1908 519 1946 inlustres
537 1907 664 1945 Parthi
685 1919 827 1958 rexque
844 1907 1019 1945 Arabum
1033 1908 1208 1946 Acbarus
1228 1907 1442 1953 advenerat,

119 1980 251 2012 monet
285 1972 546 2019 Meherdaten,
588 1974 836 2011 barbarorum
868 1973 1033 2022 impetus
1065 1985 1170 2010 acres
1201 1972 1443 2011 cunctatione

119 2039 363 2088 languescere
392 2046 457 2075 aut
487 2038 524 2075 in
555 2038 754 2088 perfidiam
793 2038 954 2076 mutari:
998 2038 1048 2075 ita
1081 2044 1257 2087 urgueret
1295 2044 1442 2086 coepta.

75 2111 100 2141 4
120 2103 225 2154 quod
253 2110 422 2153 spretum
451 2103 580 2141 fraude
607 2104 758 2149 Acbari,
786 2104 849 2153 qui
881 2104 1054 2140 iuvenem
1085 2103 1260 2151 ignarum
1279 2109 1315 2139 et
1339 2113 1442 2139 sum·
1462 2115 1502 2147 30

120 2180 222 2205 marn
250 2167 442 2206 fortunam
469 2168 508 2205 in
533 2168 623 2206 luxu
647 2175 771 2206 ratum
798 2168 939 2206 multos
965 2179 1034 2217 per
1063 2167 1143 2204 dies
1173 2167 1320 2204 attinuit
1342 2166 1443 2216 apud

78 2234 305 2284 eoppidum
343 2234 545 2273 Edessam.
602 2242 639 2272 et
682 2241 841 2273 vocante
882 2233 1030 2272 Carene
1070 2241 1342 2284 promptasque
1383 2245 1442 2270 res

121 2306 348 2345 ostentante,
365 2299 395 2336 si
414 2299 474 2337 citi
495 2299 750 2346 advenissent,
768 2311 846 2337 non
868 2299 1083 2337 comminus
1101 2299 1438 2348 Mesopotamiam,
