<?xml version="1.0" encoding="UTF-8"?>
<!DOCTYPE html PUBLIC "-//W3C//DTD XHTML 1.0 Transitional//EN"
    "http://www.w3.org/TR/xhtml1/DTD/xhtml1-transitional.dtd">
<html xmlns="http://www.w3.org/1999/xhtml" xml:lang="en" lang="en">
 <head>
  <title>
</title>
<meta http-equiv="Content-Type" content="text/html;charset=utf-8" />
  <meta name='ocr-system' content='tesseract 3.04.00' />
  <meta name='ocr-capabilities' content='ocr_page ocr_carea ocr_par ocr_line ocrx_word'/>
</head>
<body>
  <div class='ocr_page' id='page_1' title='image "annaliumwithintr02taciuoft_0098.png"; bbox 0 0 1643 2655; ppageno 0'>
   <div class='ocr_carea' id='block_1_1' title="bbox 453 101 1486 156">
    <p class='ocr_par' dir='ltr' id='par_1_1' title="bbox 453 101 1486 156">
     <span class='ocr_line' id='line_1_1' title="bbox 453 101 1486 156; baseline 0.001 -15"><span class='ocrx_word' id='word_1_1' title='bbox 453 109 692 142; x_wconf 85' lang='lat' dir='ltr'><em>CORNELII</em></span> <span class='ocrx_word' id='word_1_2' title='bbox 721 110 893 142; x_wconf 84' lang='lat' dir='ltr'><em>TACJTl</em></span> <span class='ocrx_word' id='word_1_3' title='bbox 919 110 1198 142; x_wconf 81' lang='lat' dir='ltr'><em>ANNALIUM</em></span> <span class='ocrx_word' id='word_1_4' title='bbox 1251 101 1391 156; x_wconf 84' lang='lat' dir='ltr'><strong>[A.U.C.</strong></span> <span class='ocrx_word' id='word_1_5' title='bbox 1414 109 1486 152; x_wconf 88' lang='lat'><strong>786.</strong></span> 
     </span>
    </p>
   </div>
   <div class='ocr_carea' id='block_1_2' title="bbox 113 213 1535 2355">
    <p class='ocr_par' dir='ltr' id='par_1_2' title="bbox 113 213 1532 851">
     <span class='ocr_line' id='line_1_2' title="bbox 169 213 1484 265; baseline 0.001 -15"><span class='ocrx_word' id='word_1_6' title='bbox 169 225 291 260; x_wconf 90' lang='lat' dir='ltr'>casus,</span> <span class='ocrx_word' id='word_1_7' title='bbox 312 213 377 264; x_wconf 92' lang='lat' dir='ltr'>qui</span> <span class='ocrx_word' id='word_1_8' title='bbox 398 225 504 251; x_wconf 89' lang='lat' dir='ltr'>reum</span> <span class='ocrx_word' id='word_1_9' title='bbox 525 214 775 261; x_wconf 83' lang='lat' dir='ltr'>abstulissent,</span> <span class='ocrx_word' id='word_1_10' title='bbox 797 221 1002 265; x_wconf 84' lang='lat' dir='ltr'><strong>antequam</strong></span> <span class='ocrx_word' id='word_1_11' title='bbox 1029 226 1159 252; x_wconf 88' lang='lat' dir='ltr'>coram</span> <span class='ocrx_word' id='word_1_12' title='bbox 1179 214 1484 253; x_wconf 85' lang='lat' dir='ltr'>convinceretur:</span> 
     </span>
     <span class='ocr_line' id='line_1_3' title="bbox 170 279 1526 329; baseline 0 -13"><span class='ocrx_word' id='word_1_13' title='bbox 170 279 309 317; x_wconf 90' lang='lat' dir='ltr'>scilicet</span> <span class='ocrx_word' id='word_1_14' title='bbox 342 279 471 317; x_wconf 93' lang='lat' dir='ltr'>medio</span> <span class='ocrx_word' id='word_1_15' title='bbox 504 280 667 318; x_wconf 92' lang='lat' dir='ltr'>triennio</span> <span class='ocrx_word' id='word_1_16' title='bbox 700 280 868 318; x_wconf 88' lang='lat' dir='ltr'>defuerat</span> <span class='ocrx_word' id='word_1_17' title='bbox 900 287 1051 329; x_wconf 89' lang='lat' dir='ltr'>tempus</span> <span class='ocrx_word' id='word_1_18' title='bbox 1085 280 1272 317; x_wconf 90' lang='lat' dir='ltr'>subeundi</span> <span class='ocrx_word' id='word_1_19' title='bbox 1305 279 1526 317; x_wconf 81' lang='lat' dir='ltr'>iudicium8</span> 
     </span>
     <span class='ocr_line' id='line_1_4' title="bbox 168 343 1529 394; baseline -0.001 -11"><span class='ocrx_word' id='word_1_20' title='bbox 168 344 357 383; x_wconf 87' lang='lat' dir='ltr'>consulari</span> <span class='ocrx_word' id='word_1_21' title='bbox 396 345 490 391; x_wconf 90' lang='lat' dir='ltr'>seni,</span> <span class='ocrx_word' id='word_1_22' title='bbox 536 351 592 383; x_wconf 91' lang='lat' dir='ltr'>tot</span> <span class='ocrx_word' id='word_1_23' title='bbox 635 345 894 384; x_wconf 80' lang='lat' dir='ltr'>consularium</span> <span class='ocrx_word' id='word_1_24' title='bbox 932 345 1086 394; x_wconf 89' lang='lat' dir='ltr'>parenti.</span> <span class='ocrx_word' id='word_1_25' title='bbox 1165 344 1314 383; x_wconf 86' lang='lat' dir='ltr'>Drusus</span> <span class='ocrx_word' id='word_1_26' title='bbox 1352 343 1529 382; x_wconf 82' lang='lat' dir='ltr'>deinde4</span> 
     </span>
     <span class='ocr_line' id='line_1_5' title="bbox 169 409 1490 459; baseline -0.002 -12"><span class='ocrx_word' id='word_1_27' title='bbox 169 410 410 459; x_wconf 86' lang='lat' dir='ltr'>extinguitur,</span> <span class='ocrx_word' id='word_1_28' title='bbox 432 422 520 449; x_wconf 90' lang='lat' dir='ltr'>cum</span> <span class='ocrx_word' id='word_1_29' title='bbox 549 422 588 448; x_wconf 88' lang='lat' dir='ltr'>se</span> <span class='ocrx_word' id='word_1_30' title='bbox 615 410 839 448; x_wconf 84' lang='lat' dir='ltr'>miserandis</span> <span class='ocrx_word' id='word_1_31' title='bbox 867 410 1068 455; x_wconf 85' lang='lat' dir='ltr'>alimentis,</span> <span class='ocrx_word' id='word_1_32' title='bbox 1089 410 1309 447; x_wconf 91' lang='lat' dir='ltr'>mandendo</span> <span class='ocrx_word' id='word_1_33' title='bbox 1335 423 1356 447; x_wconf 91' lang='lat' dir='ltr'>e</span> <span class='ocrx_word' id='word_1_34' title='bbox 1376 409 1490 448; x_wconf 88' lang='lat' dir='ltr'>cubili</span> 
     </span>
     <span class='ocr_line' id='line_1_6' title="bbox 132 474 1532 524; baseline -0.001 -11"><span class='ocrx_word' id='word_1_35' title='bbox 132 482 353 521; x_wconf 82' lang='lat' dir='ltr'>5t0mento,</span> <span class='ocrx_word' id='word_1_36' title='bbox 393 487 540 513; x_wconf 90' lang='lat' dir='ltr'>nonum</span> <span class='ocrx_word' id='word_1_37' title='bbox 581 476 629 513; x_wconf 90' lang='lat' dir='ltr'>ad</span> <span class='ocrx_word' id='word_1_38' title='bbox 669 476 770 513; x_wconf 90' lang='lat' dir='ltr'>diem</span> <span class='ocrx_word' id='word_1_39' title='bbox 809 476 1041 514; x_wconf 87' lang='lat' dir='ltr'>detinuisset.</span> <span class='ocrx_word' id='word_1_40' title='bbox 1103 474 1289 512; x_wconf 90' lang='lat' dir='ltr'>tradidere</span> <span class='ocrx_word' id='word_1_41' title='bbox 1334 475 1532 524; x_wconf 73' lang='lat' dir='ltr'>quidam5</span> 
     </span>
     <span class='ocr_line' id='line_1_7' title="bbox 170 539 1487 590; baseline -0.002 -12"><span class='ocrx_word' id='word_1_42' title='bbox 170 541 444 590; x_wconf 87' lang='lat' dir='ltr'>praescriptum</span> <span class='ocrx_word' id='word_1_43' title='bbox 465 541 581 578; x_wconf 89' lang='lat' dir='ltr'>fuisse</span> <span class='ocrx_word' id='word_1_44' title='bbox 596 540 786 587; x_wconf 89' lang='lat' dir='ltr'>Macroni,</span> <span class='ocrx_word' id='word_1_45' title='bbox 810 541 840 578; x_wconf 91' lang='lat' dir='ltr'>si</span> <span class='ocrx_word' id='word_1_46' title='bbox 860 553 966 579; x_wconf 89' lang='lat' dir='ltr'>arma</span> <span class='ocrx_word' id='word_1_47' title='bbox 979 541 1028 578; x_wconf 89' lang='lat' dir='ltr'>ab</span> <span class='ocrx_word' id='word_1_48' title='bbox 1045 539 1184 578; x_wconf 87' lang='lat' dir='ltr'>Seiano</span> <span class='ocrx_word' id='word_1_49' title='bbox 1203 546 1487 589; x_wconf 89' lang='lat' dir='ltr'>temptarentur,</span> 
     </span>
     <span class='ocr_line' id='line_1_8' title="bbox 168 604 1488 656; baseline -0.001 -13"><span class='ocrx_word' id='word_1_50' title='bbox 168 612 379 644; x_wconf 84' lang='lat' dir='ltr'>extractum</span> <span class='ocrx_word' id='word_1_51' title='bbox 414 606 607 643; x_wconf 82' lang='lat' dir='ltr'>custodiae</span> <span class='ocrx_word' id='word_1_52' title='bbox 641 606 816 644; x_wconf 87' lang='lat' dir='ltr'>iuvenem</span> <span class='ocrx_word' id='word_1_53' title='bbox 852 608 959 656; x_wconf 85' lang='lat' dir='ltr'>(nam</span> <span class='ocrx_word' id='word_1_54' title='bbox 991 606 1029 642; x_wconf 91' lang='lat' dir='ltr'>in</span> <span class='ocrx_word' id='word_1_55' title='bbox 1062 605 1207 643; x_wconf 88' lang='lat' dir='ltr'>Palatio</span> <span class='ocrx_word' id='word_1_56' title='bbox 1245 604 1488 655; x_wconf 86' lang='lat' dir='ltr'>attinebatur)</span> 
     </span>
     <span class='ocr_line' id='line_1_9' title="bbox 169 669 1529 721; baseline -0.001 -13"><span class='ocrx_word' id='word_1_57' title='bbox 169 671 307 709; x_wconf 89' lang='lat' dir='ltr'>ducem</span> <span class='ocrx_word' id='word_1_58' title='bbox 337 671 480 721; x_wconf 91' lang='lat' dir='ltr'>populo</span> <span class='ocrx_word' id='word_1_59' title='bbox 509 672 715 720; x_wconf 88' lang='lat' dir='ltr'>imponere.</span> <span class='ocrx_word' id='word_1_60' title='bbox 774 683 876 717; x_wconf 89' lang='lat' dir='ltr'>mox,</span> <span class='ocrx_word' id='word_1_61' title='bbox 898 673 988 721; x_wconf 91' lang='lat' dir='ltr'>quia</span> <span class='ocrx_word' id='word_1_62' title='bbox 1018 683 1148 708; x_wconf 88' lang='lat' dir='ltr'>rumor</span> <span class='ocrx_word' id='word_1_63' title='bbox 1176 670 1379 708; x_wconf 89' lang='lat' dir='ltr'>incedebat</span> <span class='ocrx_word' id='word_1_64' title='bbox 1408 669 1488 708; x_wconf 89' lang='lat' dir='ltr'>fore</span> <span class='ocrx_word' id='word_1_65' title='bbox 1505 675 1529 705; x_wconf 83' lang='lat'><strong>6</strong></span> 
     </span>
     <span class='ocr_line' id='line_1_10' title="bbox 169 736 1489 785; baseline -0.001 -12"><span class='ocrx_word' id='word_1_66' title='bbox 169 743 211 773; x_wconf 94' lang='lat' dir='ltr'>ut</span> <span class='ocrx_word' id='word_1_67' title='bbox 253 748 351 773; x_wconf 89' lang='lat' dir='ltr'>nuru</span> <span class='ocrx_word' id='word_1_68' title='bbox 389 748 433 774; x_wconf 92' lang='lat' dir='ltr'>ac</span> <span class='ocrx_word' id='word_1_69' title='bbox 475 738 603 785; x_wconf 87' lang='lat' dir='ltr'>nepoti</span> <span class='ocrx_word' id='word_1_70' title='bbox 645 736 906 774; x_wconf 86' lang='lat' dir='ltr'>conciliaretur</span> <span class='ocrx_word' id='word_1_71' title='bbox 944 737 1099 783; x_wconf 89' lang='lat' dir='ltr'>Caesar,</span> <span class='ocrx_word' id='word_1_72' title='bbox 1140 736 1333 773; x_wconf 87' lang='lat' dir='ltr'>saevitiam</span> <span class='ocrx_word' id='word_1_73' title='bbox 1371 746 1489 785; x_wconf 88' lang='lat' dir='ltr'>quarn</span> 
     </span>
     <span class='ocr_line' id='line_1_11' title="bbox 113 802 609 851; baseline 0.002 -12"><span class='ocrx_word' id='word_1_74' title='bbox 113 815 154 839; x_wconf 87' lang='lat'>10</span> <span class='ocrx_word' id='word_1_75' title='bbox 170 802 445 851; x_wconf 86' lang='lat' dir='ltr'>paenitentiam</span> <span class='ocrx_word' id='word_1_76' title='bbox 466 802 609 840; x_wconf 89' lang='lat' dir='ltr'>maluit.</span> 
     </span>
    </p>

    <p class='ocr_par' dir='ltr' id='par_1_3' title="bbox 170 864 1532 1112">
     <span class='ocr_line' id='line_1_12' title="bbox 225 864 1490 918; baseline -0.002 -14"><span class='ocrx_word' id='word_1_77' title='bbox 225 871 282 904; x_wconf 87' lang='lat'>24</span> <span class='ocrx_word' id='word_1_78' title='bbox 303 864 399 918; x_wconf 88' lang='lat'>(30).</span> <span class='ocrx_word' id='word_1_79' title='bbox 430 866 537 913; x_wconf 88' lang='lat' dir='ltr'>Quin</span> <span class='ocrx_word' id='word_1_80' title='bbox 566 873 603 904; x_wconf 91' lang='lat' dir='ltr'>et</span> <span class='ocrx_word' id='word_1_81' title='bbox 630 867 800 905; x_wconf 86' lang='lat' dir='ltr'>invectus</span> <span class='ocrx_word' id='word_1_82' title='bbox 828 867 866 904; x_wconf 92' lang='lat' dir='ltr'>in</span> <span class='ocrx_word' id='word_1_83' title='bbox 896 866 1116 904; x_wconf 90' lang='lat' dir='ltr'>defunctum</span> <span class='ocrx_word' id='word_1_84' title='bbox 1141 867 1280 915; x_wconf 89' lang='lat' dir='ltr'>probra</span> <span class='ocrx_word' id='word_1_85' title='bbox 1306 865 1490 915; x_wconf 91' lang='lat' dir='ltr'>corporis,</span> 
     </span>
     <span class='ocr_line' id='line_1_13' title="bbox 170 930 1491 981; baseline -0.001 -12"><span class='ocrx_word' id='word_1_86' title='bbox 170 932 400 970; x_wconf 85' lang='lat' dir='ltr'>exitiabilem</span> <span class='ocrx_word' id='word_1_87' title='bbox 433 932 472 969; x_wconf 90' lang='lat' dir='ltr'>in</span> <span class='ocrx_word' id='word_1_88' title='bbox 504 944 605 977; x_wconf 89' lang='lat' dir='ltr'>suos,</span> <span class='ocrx_word' id='word_1_89' title='bbox 640 931 829 969; x_wconf 90' lang='lat' dir='ltr'>infensum</span> <span class='ocrx_word' id='word_1_90' title='bbox 860 932 912 969; x_wconf 91' lang='lat' dir='ltr'>rei</span> <span class='ocrx_word' id='word_1_91' title='bbox 944 932 1120 981; x_wconf 91' lang='lat' dir='ltr'>publicae</span> <span class='ocrx_word' id='word_1_92' title='bbox 1153 932 1325 969; x_wconf 89' lang='lat' dir='ltr'>animum</span> <span class='ocrx_word' id='word_1_93' title='bbox 1353 930 1491 968; x_wconf 89' lang='lat' dir='ltr'>obiecit</span> 
     </span>
     <span class='ocr_line' id='line_1_14' title="bbox 170 995 1491 1046; baseline -0.001 -12"><span class='ocrx_word' id='word_1_94' title='bbox 170 997 393 1046; x_wconf 89' lang='lat' dir='ltr'>recitarique</span> <span class='ocrx_word' id='word_1_95' title='bbox 433 997 620 1035; x_wconf 89' lang='lat' dir='ltr'>factorum</span> <span class='ocrx_word' id='word_1_96' title='bbox 660 997 929 1046; x_wconf 86' lang='lat' dir='ltr'>dictorumque</span> <span class='ocrx_word' id='word_1_97' title='bbox 968 997 1047 1034; x_wconf 91' lang='lat' dir='ltr'>eius</span> <span class='ocrx_word' id='word_1_98' title='bbox 1080 996 1270 1046; x_wconf 88' lang='lat' dir='ltr'>descripta</span> <span class='ocrx_word' id='word_1_99' title='bbox 1306 1009 1373 1046; x_wconf 87' lang='lat' dir='ltr'>per</span> <span class='ocrx_word' id='word_1_100' title='bbox 1411 995 1491 1033; x_wconf 89' lang='lat' dir='ltr'>dies</span> 
     </span>
     <span class='ocr_line' id='line_1_15' title="bbox 171 1061 1532 1112; baseline -0.002 -12"><span class='ocrx_word' id='word_1_101' title='bbox 171 1062 288 1108; x_wconf 86' lang='lat' dir='ltr'>iussit,</span> <span class='ocrx_word' id='word_1_102' title='bbox 310 1074 387 1112; x_wconf 92' lang='lat' dir='ltr'>quo</span> <span class='ocrx_word' id='word_1_103' title='bbox 407 1074 488 1099; x_wconf 91' lang='lat' dir='ltr'>non</span> <span class='ocrx_word' id='word_1_104' title='bbox 509 1061 610 1099; x_wconf 90' lang='lat' dir='ltr'>aliud</span> <span class='ocrx_word' id='word_1_105' title='bbox 639 1062 805 1099; x_wconf 88' lang='lat' dir='ltr'>atrocius</span> <span class='ocrx_word' id='word_1_106' title='bbox 825 1062 946 1098; x_wconf 89' lang='lat' dir='ltr'>visum</span> <span class='ocrx_word' id='word_1_107' title='bbox 964 1076 971 1100; x_wconf 76' lang='grc' dir='ltr'>ε</span> <span class='ocrx_word' id='word_1_108' title='bbox 1004 1062 1187 1099; x_wconf 88' lang='lat' dir='ltr'>adstitisse</span> <span class='ocrx_word' id='word_1_109' title='bbox 1209 1068 1263 1100; x_wconf 90' lang='lat' dir='ltr'>tot</span> <span class='ocrx_word' id='word_1_110' title='bbox 1281 1074 1349 1111; x_wconf 92' lang='lat' dir='ltr'>per</span> <span class='ocrx_word' id='word_1_111' title='bbox 1368 1072 1491 1098; x_wconf 85' lang='lat' dir='ltr'>annos</span> <span class='ocrx_word' id='word_1_112' title='bbox 1508 1066 1532 1098; x_wconf 77' lang='lat'><strong>2</strong></span> 
     </span>
    </p>

    <p class='ocr_par' dir='ltr' id='par_1_4' title="bbox 114 1127 1533 1439">
     <span class='ocr_line' id='line_1_16' title="bbox 114 1127 1493 1179; baseline -0.003 -11"><span class='ocrx_word' id='word_1_113' title='bbox 114 1146 151 1178; x_wconf 84' lang='lat'>15</span> <span class='ocrx_word' id='word_1_114' title='bbox 170 1129 235 1179; x_wconf 90' lang='lat' dir='ltr'>qui</span> <span class='ocrx_word' id='word_1_115' title='bbox 263 1128 419 1174; x_wconf 87' lang='lat' dir='ltr'>vultum,</span> <span class='ocrx_word' id='word_1_116' title='bbox 440 1128 615 1177; x_wconf 84' lang='lat' dir='ltr'>gemitus,</span> <span class='ocrx_word' id='word_1_117' title='bbox 637 1127 830 1166; x_wconf 79' lang='lat' dir='ltr'>oecultum</span> <span class='ocrx_word' id='word_1_118' title='bbox 860 1128 975 1166; x_wconf 89' lang='lat' dir='ltr'>etiam</span> <span class='ocrx_word' id='word_1_119' title='bbox 1004 1140 1178 1165; x_wconf 85' lang='lat' dir='ltr'>murmur</span> <span class='ocrx_word' id='word_1_120' title='bbox 1205 1128 1434 1177; x_wconf 86' lang='lat' dir='ltr'>exciperent,</span> <span class='ocrx_word' id='word_1_121' title='bbox 1456 1133 1493 1164; x_wconf 91' lang='lat' dir='ltr'>et</span> 
     </span>
     <span class='ocr_line' id='line_1_17' title="bbox 171 1191 1490 1244; baseline -0.002 -13"><span class='ocrx_word' id='word_1_122' title='bbox 171 1194 338 1244; x_wconf 90' lang='lat' dir='ltr'>potuisse</span> <span class='ocrx_word' id='word_1_123' title='bbox 358 1206 470 1231; x_wconf 70' lang='lat' dir='ltr'>avum</span> <span class='ocrx_word' id='word_1_124' title='bbox 498 1193 637 1240; x_wconf 88' lang='lat' dir='ltr'>audire,</span> <span class='ocrx_word' id='word_1_125' title='bbox 661 1193 796 1242; x_wconf 86' lang='lat' dir='ltr'>legere,</span> <span class='ocrx_word' id='word_1_126' title='bbox 818 1194 856 1230; x_wconf 91' lang='lat' dir='ltr'>in</span> <span class='ocrx_word' id='word_1_127' title='bbox 885 1193 1082 1242; x_wconf 89' lang='lat' dir='ltr'>publicum</span> <span class='ocrx_word' id='word_1_128' title='bbox 1109 1205 1284 1242; x_wconf 90' lang='lat' dir='ltr'>promere</span> <span class='ocrx_word' id='word_1_129' title='bbox 1304 1193 1364 1230; x_wconf 91' lang='lat' dir='ltr'>vix</span> <span class='ocrx_word' id='word_1_130' title='bbox 1385 1191 1490 1238; x_wconf 88' lang='lat' dir='ltr'>fides,</span> 
     </span>
     <span class='ocr_line' id='line_1_18' title="bbox 171 1257 1492 1308; baseline -0.002 -12"><span class='ocrx_word' id='word_1_131' title='bbox 171 1259 241 1296; x_wconf 90' lang='lat' dir='ltr'>nisi</span> <span class='ocrx_word' id='word_1_132' title='bbox 273 1259 379 1308; x_wconf 93' lang='lat' dir='ltr'>quod</span> <span class='ocrx_word' id='word_1_133' title='bbox 409 1259 501 1296; x_wconf 89' lang='lat' dir='ltr'>Attii</span> <span class='ocrx_word' id='word_1_134' title='bbox 535 1259 764 1296; x_wconf 89' lang='lat' dir='ltr'>centurionis</span> <span class='ocrx_word' id='word_1_135' title='bbox 795 1265 832 1296; x_wconf 93' lang='lat' dir='ltr'>et</span> <span class='ocrx_word' id='word_1_136' title='bbox 860 1257 1016 1308; x_wconf 85' lang='lat' dir='ltr'>Didymi</span> <span class='ocrx_word' id='word_1_137' title='bbox 1051 1259 1171 1296; x_wconf 90' lang='lat' dir='ltr'>liberti</span> <span class='ocrx_word' id='word_1_138' title='bbox 1199 1258 1381 1308; x_wconf 89' lang='lat' dir='ltr'>epistulae</span> <span class='ocrx_word' id='word_1_139' title='bbox 1415 1269 1492 1295; x_wconf 90' lang='lat' dir='ltr'>ser-</span> 
     </span>
     <span class='ocr_line' id='line_1_19' title="bbox 170 1322 1492 1374; baseline -0.002 -13"><span class='ocrx_word' id='word_1_140' title='bbox 170 1337 304 1363; x_wconf 85' lang='lat' dir='ltr'>vorum</span> <span class='ocrx_word' id='word_1_141' title='bbox 336 1325 493 1362; x_wconf 88' lang='lat' dir='ltr'>nomina</span> <span class='ocrx_word' id='word_1_142' title='bbox 525 1323 799 1373; x_wconf 84' lang='lat' dir='ltr'>praeferebant,</span> <span class='ocrx_word' id='word_1_143' title='bbox 831 1329 872 1361; x_wconf 87' lang='lat' dir='ltr'>ut</span> <span class='ocrx_word' id='word_1_144' title='bbox 905 1324 990 1374; x_wconf 86' lang='lat' dir='ltr'>quis</span> <span class='ocrx_word' id='word_1_145' title='bbox 1024 1324 1282 1373; x_wconf 83' lang='lat' dir='ltr'>egredientem</span> <span class='ocrx_word' id='word_1_146' title='bbox 1313 1322 1492 1361; x_wconf 83' lang='lat' dir='ltr'>cubiculo</span> 
     </span>
     <span class='ocr_line' id='line_1_20' title="bbox 171 1388 1533 1439; baseline 0 -13"><span class='ocrx_word' id='word_1_147' title='bbox 171 1390 341 1428; x_wconf 89' lang='lat' dir='ltr'>Drusum</span> <span class='ocrx_word' id='word_1_148' title='bbox 376 1390 601 1439; x_wconf 87' lang='lat' dir='ltr'>pulsaverat,</span> <span class='ocrx_word' id='word_1_149' title='bbox 635 1395 876 1426; x_wconf 86' lang='lat' dir='ltr'>exterruerat.</span> <span class='ocrx_word' id='word_1_150' title='bbox 934 1389 1048 1426; x_wconf 89' lang='lat' dir='ltr'>etiam</span> <span class='ocrx_word' id='word_1_151' title='bbox 1083 1401 1151 1426; x_wconf 91' lang='lat' dir='ltr'>sua</span> <span class='ocrx_word' id='word_1_152' title='bbox 1179 1390 1295 1426; x_wconf 89' lang='lat' dir='ltr'>verba</span> <span class='ocrx_word' id='word_1_153' title='bbox 1321 1388 1533 1426; x_wconf 84' lang='lat' dir='ltr'>centurio8</span> 
     </span>
    </p>

    <p class='ocr_par' dir='ltr' id='par_1_5' title="bbox 113 1453 1494 1765">
     <span class='ocr_line' id='line_1_21' title="bbox 113 1453 1493 1504; baseline -0.003 -10"><span class='ocrx_word' id='word_1_154' title='bbox 113 1472 154 1495; x_wconf 83' lang='lat'>20</span> <span class='ocrx_word' id='word_1_155' title='bbox 172 1456 345 1493; x_wconf 87' lang='lat' dir='ltr'>saevitiae</span> <span class='ocrx_word' id='word_1_156' title='bbox 384 1456 508 1504; x_wconf 88' lang='lat' dir='ltr'>plena,</span> <span class='ocrx_word' id='word_1_157' title='bbox 550 1460 747 1504; x_wconf 86' lang='lat' dir='ltr'>tamquam</span> <span class='ocrx_word' id='word_1_158' title='bbox 795 1454 1003 1503; x_wconf 87' lang='lat' dir='ltr'>egregium,</span> <span class='ocrx_word' id='word_1_159' title='bbox 1048 1466 1237 1503; x_wconf 89' lang='lat' dir='ltr'>vocesque</span> <span class='ocrx_word' id='word_1_160' title='bbox 1285 1453 1493 1491; x_wconf 90' lang='lat' dir='ltr'>deficientis</span> 
     </span>
     <span class='ocr_line' id='line_1_22' title="bbox 171 1515 1494 1571; baseline -0.002 -13"><span class='ocrx_word' id='word_1_161' title='bbox 171 1521 369 1566; x_wconf 88' lang='lat' dir='ltr'>adiecerat,</span> <span class='ocrx_word' id='word_1_162' title='bbox 403 1520 487 1569; x_wconf 89' lang='lat' dir='ltr'>quis</span> <span class='ocrx_word' id='word_1_163' title='bbox 516 1520 640 1569; x_wconf 90' lang='lat' dir='ltr'>primo</span> <span class='ocrx_word' id='word_1_164' title='bbox 673 1516 957 1571; x_wconf 86' lang='lat' dir='ltr'>[alienationem</span> <span class='ocrx_word' id='word_1_165' title='bbox 986 1520 1124 1557; x_wconf 88' lang='lat' dir='ltr'>mentis</span> <span class='ocrx_word' id='word_1_166' title='bbox 1155 1515 1354 1571; x_wconf 89' lang='lat' dir='ltr'>simulans]</span> <span class='ocrx_word' id='word_1_167' title='bbox 1385 1518 1494 1568; x_wconf 90' lang='lat' dir='ltr'>quasi</span> 
     </span>
     <span class='ocr_line' id='line_1_23' title="bbox 170 1583 1493 1637; baseline -0.003 -13"><span class='ocrx_word' id='word_1_168' title='bbox 170 1600 238 1637; x_wconf 89' lang='lat' dir='ltr'>per</span> <span class='ocrx_word' id='word_1_169' title='bbox 267 1587 499 1624; x_wconf 86' lang='lat' dir='ltr'>dementiam</span> <span class='ocrx_word' id='word_1_170' title='bbox 528 1585 678 1623; x_wconf 87' lang='lat' dir='ltr'>funesta</span> <span class='ocrx_word' id='word_1_171' title='bbox 708 1584 877 1632; x_wconf 90' lang='lat' dir='ltr'>Tiberio,</span> <span class='ocrx_word' id='word_1_172' title='bbox 899 1598 1002 1632; x_wconf 87' lang='lat' dir='ltr'>mox,</span> <span class='ocrx_word' id='word_1_173' title='bbox 1024 1585 1090 1622; x_wconf 90' lang='lat' dir='ltr'>ubi</span> <span class='ocrx_word' id='word_1_174' title='bbox 1119 1597 1257 1634; x_wconf 88' lang='lat' dir='ltr'>exspes</span> <span class='ocrx_word' id='word_1_175' title='bbox 1286 1585 1382 1622; x_wconf 90' lang='lat' dir='ltr'>vitae</span> <span class='ocrx_word' id='word_1_176' title='bbox 1412 1583 1493 1628; x_wconf 89' lang='lat' dir='ltr'>suit,</span> 
     </span>
     <span class='ocr_line' id='line_1_24' title="bbox 170 1649 1494 1699; baseline -0.001 -11"><span class='ocrx_word' id='word_1_177' title='bbox 170 1651 368 1689; x_wconf 86' lang='lat' dir='ltr'>meditatas</span> <span class='ocrx_word' id='word_1_178' title='bbox 406 1650 718 1699; x_wconf 87' lang='lat' dir='ltr'>compositasque</span> <span class='ocrx_word' id='word_1_179' title='bbox 757 1649 858 1687; x_wconf 91' lang='lat' dir='ltr'>diras</span> <span class='ocrx_word' id='word_1_180' title='bbox 897 1650 1176 1699; x_wconf 87' lang='lat' dir='ltr'>inprecabatur‚</span> <span class='ocrx_word' id='word_1_181' title='bbox 1215 1654 1256 1686; x_wconf 92' lang='lat' dir='ltr'>ut</span> <span class='ocrx_word' id='word_1_182' title='bbox 1293 1661 1406 1698; x_wconf 90' lang='lat' dir='ltr'>quem</span> <span class='ocrx_word' id='word_1_183' title='bbox 1445 1649 1494 1687; x_wconf 92' lang='lat' dir='ltr'>ad</span> 
     </span>
     <span class='ocr_line' id='line_1_25' title="bbox 171 1715 1493 1765; baseline -0.002 -11"><span class='ocrx_word' id='word_1_184' title='bbox 171 1717 330 1754; x_wconf 88' lang='lat' dir='ltr'>modurn</span> <span class='ocrx_word' id='word_1_185' title='bbox 351 1728 489 1753; x_wconf 88' lang='lat' dir='ltr'>nurum</span> <span class='ocrx_word' id='word_1_186' title='bbox 504 1716 700 1765; x_wconf 87' lang='lat' dir='ltr'>filiumque</span> <span class='ocrx_word' id='word_1_187' title='bbox 715 1715 836 1753; x_wconf 88' lang='lat' dir='ltr'>fratris</span> <span class='ocrx_word' id='word_1_188' title='bbox 851 1721 887 1753; x_wconf 93' lang='lat' dir='ltr'>et</span> <span class='ocrx_word' id='word_1_189' title='bbox 907 1722 1068 1765; x_wconf 91' lang='lat' dir='ltr'>nepotes</span> <span class='ocrx_word' id='word_1_190' title='bbox 1085 1715 1321 1764; x_wconf 91' lang='lat' dir='ltr'>domumque</span> <span class='ocrx_word' id='word_1_191' title='bbox 1335 1727 1493 1753; x_wconf 89' lang='lat' dir='ltr'>omnem</span> 
     </span>
    </p>

    <p class='ocr_par' dir='ltr' id='par_1_6' title="bbox 114 1780 1535 2095">
     <span class='ocr_line' id='line_1_26' title="bbox 114 1780 1493 1833; baseline -0.002 -13"><span class='ocrx_word' id='word_1_192' title='bbox 114 1801 152 1833; x_wconf 80' lang='lat'>25</span> <span class='ocrx_word' id='word_1_193' title='bbox 172 1783 350 1820; x_wconf 88' lang='lat' dir='ltr'>caedibus</span> <span class='ocrx_word' id='word_1_194' title='bbox 370 1782 652 1831; x_wconf 85' lang='lat' dir='ltr'>complevisset,</span> <span class='ocrx_word' id='word_1_195' title='bbox 674 1782 726 1819; x_wconf 92' lang='lat' dir='ltr'>ita</span> <span class='ocrx_word' id='word_1_196' title='bbox 745 1793 893 1831; x_wconf 90' lang='lat' dir='ltr'>poenas</span> <span class='ocrx_word' id='word_1_197' title='bbox 915 1782 1062 1819; x_wconf 89' lang='lat' dir='ltr'>nomini</span> <span class='ocrx_word' id='word_1_198' title='bbox 1079 1781 1285 1830; x_wconf 85' lang='lat' dir='ltr'>generique</span> <span class='ocrx_word' id='word_1_199' title='bbox 1305 1780 1493 1818; x_wconf 91' lang='lat' dir='ltr'>maiorum</span> 
     </span>
     <span class='ocr_line' id='line_1_27' title="bbox 172 1846 1535 1898; baseline -0.004 -12"><span class='ocrx_word' id='word_1_200' title='bbox 172 1856 209 1886; x_wconf 91' lang='lat' dir='ltr'>et</span> <span class='ocrx_word' id='word_1_201' title='bbox 241 1848 401 1898; x_wconf 90' lang='lat' dir='ltr'>posteris</span> <span class='ocrx_word' id='word_1_202' title='bbox 433 1847 654 1885; x_wconf 85' lang='lat' dir='ltr'>exsolveret.</span> <span class='ocrx_word' id='word_1_203' title='bbox 723 1847 981 1884; x_wconf 83' lang='lat' dir='ltr'>obturbabant</span> <span class='ocrx_word' id='word_1_204' title='bbox 1014 1847 1170 1897; x_wconf 89' lang='lat' dir='ltr'>quidem</span> <span class='ocrx_word' id='word_1_205' title='bbox 1204 1852 1330 1895; x_wconf 92' lang='lat' dir='ltr'>patres</span> <span class='ocrx_word' id='word_1_206' title='bbox 1366 1846 1535 1896; x_wconf 79' lang='lat' dir='ltr'>specie4</span> 
     </span>
     <span class='ocr_line' id='line_1_28' title="bbox 173 1911 1493 1962; baseline -0.002 -11"><span class='ocrx_word' id='word_1_207' title='bbox 173 1913 405 1951; x_wconf 89' lang='lat' dir='ltr'>detestandi:</span> <span class='ocrx_word' id='word_1_208' title='bbox 437 1913 504 1951; x_wconf 88' lang='lat' dir='ltr'>sed</span> <span class='ocrx_word' id='word_1_209' title='bbox 527 1913 749 1962; x_wconf 84' lang='lat' dir='ltr'>penetrabat</span> <span class='ocrx_word' id='word_1_210' title='bbox 768 1924 886 1962; x_wconf 81' lang='lat' dir='ltr'>pavor</span> <span class='ocrx_word' id='word_1_211' title='bbox 912 1918 950 1950; x_wconf 88' lang='lat' dir='ltr'>et</span> <span class='ocrx_word' id='word_1_212' title='bbox 970 1912 1179 1957; x_wconf 89' lang='lat' dir='ltr'>admiratio,</span> <span class='ocrx_word' id='word_1_213' title='bbox 1202 1911 1383 1949; x_wconf 88' lang='lat' dir='ltr'>callidum</span> <span class='ocrx_word' id='word_1_214' title='bbox 1402 1911 1493 1948; x_wconf 91' lang='lat' dir='ltr'>olim</span> 
     </span>
     <span class='ocr_line' id='line_1_29' title="bbox 173 1977 1494 2029; baseline -0.002 -12"><span class='ocrx_word' id='word_1_215' title='bbox 173 1986 208 2017; x_wconf 88' lang='lat' dir='ltr'>et</span> <span class='ocrx_word' id='word_1_216' title='bbox 229 1979 404 2029; x_wconf 88' lang='lat' dir='ltr'>tegendis</span> <span class='ocrx_word' id='word_1_217' title='bbox 425 1979 631 2016; x_wconf 91' lang='lat' dir='ltr'>sceleribus</span> <span class='ocrx_word' id='word_1_218' title='bbox 660 1978 868 2016; x_wconf 89' lang='lat' dir='ltr'>obscurum</span> <span class='ocrx_word' id='word_1_219' title='bbox 896 1977 970 2015; x_wconf 93' lang='lat' dir='ltr'>huc</span> <span class='ocrx_word' id='word_1_220' title='bbox 991 1977 1245 2016; x_wconf 89' lang='lat' dir='ltr'>confidentiae</span> <span class='ocrx_word' id='word_1_221' title='bbox 1271 1977 1430 2023; x_wconf 90' lang='lat' dir='ltr'>venisse,</span> <span class='ocrx_word' id='word_1_222' title='bbox 1452 1983 1494 2014; x_wconf 92' lang='lat' dir='ltr'>ut</span> 
     </span>
     <span class='ocr_line' id='line_1_30' title="bbox 172 2042 1492 2095; baseline -0.002 -14"><span class='ocrx_word' id='word_1_223' title='bbox 172 2052 369 2095; x_wconf 88' lang='lat' dir='ltr'>tamquam</span> <span class='ocrx_word' id='word_1_224' title='bbox 389 2044 540 2082; x_wconf 89' lang='lat' dir='ltr'>dimotis</span> <span class='ocrx_word' id='word_1_225' title='bbox 562 2044 770 2094; x_wconf 90' lang='lat' dir='ltr'>parietibus</span> <span class='ocrx_word' id='word_1_226' title='bbox 801 2043 1016 2081; x_wconf 89' lang='lat' dir='ltr'>ostenderet</span> <span class='ocrx_word' id='word_1_227' title='bbox 1042 2048 1223 2091; x_wconf 90' lang='lat' dir='ltr'>nepotem</span> <span class='ocrx_word' id='word_1_228' title='bbox 1243 2042 1314 2080; x_wconf 91' lang='lat' dir='ltr'>sub</span> <span class='ocrx_word' id='word_1_229' title='bbox 1339 2043 1492 2080; x_wconf 89' lang='lat' dir='ltr'>verbere</span> 
     </span>
    </p>

    <p class='ocr_par' dir='ltr' id='par_1_7' title="bbox 114 2107 1494 2214">
     <span class='ocr_line' id='line_1_31' title="bbox 114 2107 1494 2160; baseline -0.005 -9"><span class='ocrx_word' id='word_1_230' title='bbox 114 2128 156 2160; x_wconf 83' lang='lat'>30</span> <span class='ocrx_word' id='word_1_231' title='bbox 174 2111 413 2156; x_wconf 87' lang='lat' dir='ltr'>centurionis,</span> <span class='ocrx_word' id='word_1_232' title='bbox 455 2110 552 2147; x_wconf 90' lang='lat' dir='ltr'>inter</span> <span class='ocrx_word' id='word_1_233' title='bbox 590 2120 786 2147; x_wconf 89' lang='lat' dir='ltr'>servorum</span> <span class='ocrx_word' id='word_1_234' title='bbox 823 2109 930 2155; x_wconf 90' lang='lat' dir='ltr'>ictus,</span> <span class='ocrx_word' id='word_1_235' title='bbox 969 2115 1141 2146; x_wconf 88' lang='lat' dir='ltr'>extrema</span> <span class='ocrx_word' id='word_1_236' title='bbox 1177 2108 1274 2145; x_wconf 87' lang='lat' dir='ltr'>vitae</span> <span class='ocrx_word' id='word_1_237' title='bbox 1312 2107 1494 2145; x_wconf 89' lang='lat' dir='ltr'>alimenta</span> 
     </span>
     <span class='ocr_line' id='line_1_32' title="bbox 172 2175 521 2214; baseline 0.003 -2"><span class='ocrx_word' id='word_1_238' title='bbox 172 2175 307 2213; x_wconf 86' lang='lat' dir='ltr'>frustra</span> <span class='ocrx_word' id='word_1_239' title='bbox 335 2182 521 2214; x_wconf 86' lang='lat' dir='ltr'>orantem.</span> 
     </span>
    </p>

    <p class='ocr_par' dir='ltr' id='par_1_8' title="bbox 174 2237 1502 2355">
     <span class='ocr_line' id='line_1_33' title="bbox 226 2237 1493 2292; baseline -0.002 -13"><span class='ocrx_word' id='word_1_240' title='bbox 226 2246 281 2280; x_wconf 88' lang='lat'>25</span> <span class='ocrx_word' id='word_1_241' title='bbox 303 2240 400 2292; x_wconf 88' lang='lat'>(31).</span> <span class='ocrx_word' id='word_1_242' title='bbox 431 2240 616 2279; x_wconf 92' lang='lat' dir='ltr'>Nondum</span> <span class='ocrx_word' id='word_1_243' title='bbox 643 2240 674 2278; x_wconf 92' lang='lat' dir='ltr'>is</span> <span class='ocrx_word' id='word_1_244' title='bbox 703 2239 813 2278; x_wconf 91' lang='lat' dir='ltr'>dolor</span> <span class='ocrx_word' id='word_1_245' title='bbox 841 2239 1070 2285; x_wconf 86' lang='lat' dir='ltr'>exoleverat,</span> <span class='ocrx_word' id='word_1_246' title='bbox 1091 2251 1180 2277; x_wconf 89' lang='lat' dir='ltr'>cum</span> <span class='ocrx_word' id='word_1_247' title='bbox 1203 2237 1251 2277; x_wconf 91' lang='lat' dir='ltr'>de</span> <span class='ocrx_word' id='word_1_248' title='bbox 1276 2238 1493 2288; x_wconf 88' lang='lat' dir='ltr'>Agrippina</span> 
     </span>
     <span class='ocr_line' id='line_1_34' title="bbox 174 2303 1502 2355; baseline -0.002 -10"><span class='ocrx_word' id='word_1_249' title='bbox 174 2307 354 2352; x_wconf 88' lang='lat' dir='ltr'>auditum,</span> <span class='ocrx_word' id='word_1_250' title='bbox 375 2318 493 2355; x_wconf 90' lang='lat' dir='ltr'>quam</span> <span class='ocrx_word' id='word_1_251' title='bbox 520 2305 716 2344; x_wconf 88' lang='lat' dir='ltr'>interfecto</span> <span class='ocrx_word' id='word_1_252' title='bbox 745 2305 884 2343; x_wconf 93' lang='lat' dir='ltr'>Seiano</span> <span class='ocrx_word' id='word_1_253' title='bbox 909 2317 977 2355; x_wconf 88' lang='lat' dir='ltr'>spe</span> <span class='ocrx_word' id='word_1_254' title='bbox 1007 2311 1255 2343; x_wconf 89' lang='lat' dir='ltr'>sustentatam</span> <span class='ocrx_word' id='word_1_255' title='bbox 1283 2303 1502 2355; x_wconf 25' lang='lat' dir='ltr'>provixisse·</span> 
     </span>
    </p>
   </div>
  </div>
 </body>
</html>
