1643 2655
459 96 696 130 CORNELII
727 98 897 130 TACJTJ
920 99 1198 131 ANNALJUM
1251 92 1388 147 [mue.
1412 101 1483 144 789·

170 198 300 238 Druso
323 207 482 250 nuptam
508 201 645 248 rettuli,
669 202 808 240 crebris
836 202 1055 241 criminibus
1082 204 1258 241 maritum
1284 204 1481 250 insectata,

170 277 405 315 quamquam
430 266 665 313 intestabilis,
687 273 816 305 tamen
845 268 1030 317 impunita
1060 270 1209 318 agebat,
1232 269 1324 307 dum
1354 281 1483 319 super-

169 330 236 368 fuit
255 338 360 381 pater
387 331 579 382 Lepidus:
611 339 697 382 post
722 345 743 370 a
771 333 998 371 delatoribus
1029 334 1226 383 corripitur
1255 336 1306 372 ob
1334 346 1483 372 servum

169 396 393 444 adulterum,
418 410 491 435 nec
520 398 763 435 dubitabatur
793 398 839 435 de
865 398 1034 447 flagitio:
1065 411 1155 449 ergo
1183 400 1326 437 omissa
1355 399 1484 438 defen-

132 475 152 509 5
170 462 275 499 sione
295 462 411 499 finem
431 463 529 500 vitae
550 463 619 500 sibi
641 464 777 512 posuit.

222 532 273 565 41
312 525 409 579 (47).
458 527 529 565 Per
570 528 670 565 idern
710 535 860 578 tempus
900 527 1083 566 Clitarum
1122 530 1226 568 natio
1261 529 1485 580 Cappadoci

169 592 357 630 Archelao
382 594 562 638 subiecta,
588 594 677 643 quia
705 600 880 631 nostrum
905 595 944 631 in
968 595 1125 632 modum
1158 595 1302 633 deferre
1331 607 1482 642 censuS,

168 658 245 706 pati
266 658 401 695 tributa
421 658 655 707 adigebatur,
677 659 716 696 in
744 660 832 709 iuga
860 660 981 697 Tauri
1008 661 1148 698 montis
1177 661 1360 699 abscessit
1380 661 1483 698 loco-

169 735 327 772 rumque
349 724 502 773 ingenio
533 736 615 762 sese
642 731 775 762 contra
801 725 972 762 imbelles
996 726 1094 774 regis
1121 727 1252 775 copias
1282 726 1484 771 tutabatur,

110 802 152 826 10
169 789 291 827 donec
322 788 379 828 M.
401 789 612 827 Trebellius
637 790 791 839 legatus,
812 803 835 828 a
855 790 1010 828 Vitellio
1037 792 1210 840 praeside
1240 791 1369 829 Suriae
1395 803 1485 829 curn

169 862 346 904 quattuor
376 855 528 893 milibus
559 855 855 904 legionariorum
887 864 922 894 et
962 856 1115 894 delectis
1154 857 1300 894 auxiliis
1335 856 1483 902 missus,

169 920 266 958 duos
299 920 415 965 collis,
447 933 545 970 quos
578 922 729 958 barbari
762 922 978 959 insederant
1015 919 1168 972 (minori
1208 921 1345 969 Cadra,
1381 921 1484 960 alteri

168 985 319 1023 Davara
339 998 482 1023 nomen
502 986 589 1037 est),
609 987 789 1036 operibus
811 987 1061 1024 circumdedit
1087 993 1124 1025 et
1153 999 1351 1037 erumpere
1372 998 1484 1025 ausos

168 1050 276 1098 ferro,
298 1057 441 1089 ceteros
462 1051 521 1089 siti
540 1051 588 1089 ad
608 1051 840 1089 deditionem
861 1053 999 1100 coegit.

110 1132 149 1167 ¹5
221 1117 272 1155 At
292 1116 484 1155 Tiridates
505 1117 720 1155 volentibus
742 1117 890 1155 Parthis
912 1117 1188 1167 Nicephorium
1215 1124 1252 1156 et
1271 1117 1484 1156 Anthemu·
1501 1123 1525 1153 2

169 1183 272 1221 siada
311 1189 532 1233 ceterasque
572 1183 695 1229 urbes,
736 1195 834 1233 quae
875 1182 1158 1221 Macedonibus
1203 1183 1297 1221 sitae
1335 1183 1485 1221 Graeca

167 1248 352 1287 vocabula
371 1254 567 1298 usurpant,
590 1248 816 1298 Halumque
837 1255 873 1286 et
892 1249 1118 1286 Artemitam
1147 1248 1323 1286 Parthica
1342 1249 1484 1298 oppida

168 1314 318 1364 recepit,
360 1314 592 1352 certantibus
631 1314 770 1363 gaudio
809 1315 874 1364 qui
913 1314 1152 1351 Artabanum
1192 1313 1353 1364 Scythas
1388 1315 1485 1352 inter

167 1380 346 1417 eductum
380 1381 431 1417 ob
470 1380 663 1417 saevitiam
701 1380 884 1418 exsecrati
921 1392 1031 1418 come
1067 1379 1249 1418 Tiridatis
1287 1380 1484 1429 ingenium

109 1460 152 1484 πο
169 1445 369 1483 Romanas
398 1457 468 1494 per
498 1452 598 1482 artes
630 1446 846 1494 sperabant.

220 1515 277 1548 42
297 1509 395 1561 (48).
417 1509 628 1548 Plurimum
649 1510 877 1548 adulationis
899 1509 1146 1548 Seleucenses
1168 1510 1334 1556 induere,
1357 1511 1485 1548 civitas

167 1583 314 1626 potenS,
337 1583 467 1625 saepta
486 1577 604 1614 muris
625 1587 749 1627 neque
770 1577 808 1613 in
829 1577 1035 1613 barbarum
1054 1582 1243 1625 corrupta,
1266 1576 1333 1614 sed
1352 1575 1484 1613 condi-

167 1643 257 1679 toris
288 1641 435 1679 Seleuci
464 1642 641 1680 retinens.
699 1641 857 1680 trecenti
886 1641 1023 1691 opibus
1049 1648 1113 1678 aut
1141 1641 1326 1691 sapientia
1348 1641 1484 1679 delecti

166 1714 206 1745 ut
239 1713 405 1752 senatus,
436 1719 505 1744 sua
535 1707 680 1757 populo
710 1707 774 1744 vis.
831 1713 867 1744 et
900 1706 1076 1756 quotiens
1108 1706 1320 1745 concordes
1351 1712 1482 1756 agunt,
1500 1712 1522 1742 2

109 1787 150 1822 25
168 1772 354 1822 spernitur
384 1771 562 1810 Parthus:
592 1772 658 1809 ubi
687 1771 911 1817 dissensere,
939 1771 1031 1809 dum
1061 1772 1131 1809 sibi
1160 1772 1321 1821 quisque
1350 1778 1485 1810 contra

167 1838 337 1876 aemulos
353 1837 564 1875 subsidium
578 1844 726 1883 vocant,
743 1837 884 1875 accitus
904 1837 942 1873 in
963 1843 1111 1886 partem
1131 1837 1333 1875 adversum
1349 1848 1485 1875 omnes

167 1904 331 1942 valescit.
387 1903 425 1940 id
445 1915 565 1952 nuper
583 1902 773 1940 acciderat
799 1902 997 1940 Artabano
1023 1909 1217 1951 regnante,
1239 1903 1304 1952 qui
1334 1902 1484 1952 plebem
1501 1909 1524 1939 3

167 1970 397 2020 primoribus
417 1968 570 2006 tradidit
589 1981 637 2006 ex
658 1980 728 2006 suo
748 1980 818 2005 usu
837 1982 845 2006 ε
875 1979 964 2004 nam
994 1967 1124 2017 populi
1149 1968 1349 2017 imperium
1380 1968 1486 2005 iuxta

166 2035 388 2080 libertatem,
418 2045 629 2083 paucorum
659 2033 871 2071 dominatio
899 2032 1024 2082 regiae
1055 2032 1201 2070 libidini
1230 2033 1387 2082 propior
1415 2038 1482 2070 est.

108 2117 151 2150 30
168 2107 249 2138 tum
269 2100 535 2137 adventantem
557 2098 754 2136 Tiridaten
781 2098 964 2136 extollunt
983 2104 1154 2135 veterum
1173 2111 1307 2148 regum
1328 2097 1483 2136 honori·
1497 2106 1524 2137 4

168 2168 240 2204 bus
269 2173 305 2203 et
334 2177 432 2215 quos
461 2177 593 2203 recens
623 2170 726 2202 aetas
755 2164 894 2213 largius
924 2164 1090 2210 invenit;
1131 2163 1241 2200 simul
1272 2165 1413 2213 probra
1444 2163 1484 2201 in

168 2232 406 2269 Artabanum
443 2230 664 2276 fundebant,
698 2236 869 2267 materna
907 2229 1053 2277 origine
1091 2228 1316 2276 Arsaciden,
1359 2235 1484 2267 cetera

169 2298 409 2347 degenerem.
466 2296 654 2334 Tiridates
685 2307 767 2333 rem
808 2293 1077 2333 Seleucensem
1116 2295 1260 2344 populo
1293 2294 1522 2344 permittit.5
