1643 2655
488 109 725 142 CORNELII
756 109 924 141 TACJTJ
948 109 1223 141 ANNALJUM
1277 101 1419 156 [mue.
1441 110 1513 151 804.

195 212 284 250 satis
327 212 504 251 habebat.
573 214 677 259 haec,
718 225 951 263 quamquam
998 226 1019 250 a
1064 213 1212 251 duobus
1256 224 1324 262 pro
1366 219 1558 262 praeto-8

195 278 296 315 ribus
339 278 462 327 plures
506 291 571 328 per
619 290 742 316 annos
785 286 890 327 gesta
933 278 1125 323 coniunxi,
1168 290 1216 314 ne
1259 278 1375 314 divisa
1416 276 1516 313 haud

195 343 354 392 perinde
383 343 432 381 ad
461 344 685 382 memoriam
710 343 765 380 sui
795 343 981 380 valerent:
1018 342 1066 379 ad
1096 349 1313 392 temporum
1342 341 1516 379 ordinem

196 407 323 445 redeo.

159 476 179 510 ⁵
249 476 312 511 41.
343 473 405 511 Ti.
454 473 615 511 Claudio
654 474 828 523 quintum
868 472 1001 511 Servio
1040 472 1224 511 Cornelio
1263 471 1388 510 Orfito
1425 483 1518 510 con-

196 537 339 574 sulibus
373 537 484 574 virilis
518 544 609 586 toga
647 537 793 575 Neroni
828 543 1027 584 maturata,
1064 549 1141 587 quo
1175 536 1432 585 capessendae
1465 536 1517 573 rei

195 601 367 649 publicae
398 601 534 639 habilis
565 602 760 640 videretur,
817 609 853 640 et
883 602 1024 640 Caesar
1056 602 1336 639 adulationibus
1367 606 1558 639 senatus2

195 666 318 703 libens
351 667 475 713 cessit,
506 673 548 704 ut
580 668 787 705 vicensimo
826 668 958 705 aetatis
998 680 1101 705 anno
1140 667 1380 705 consulatum
1414 665 1520 703 Nero

195 730 302 767 iniret
329 736 442 780 atque
462 731 611 768 interim
640 732 860 781 designatus
887 732 1159 781 proconsulare
1187 732 1386 780 imperium
1414 737 1521 768 extra

139 803 181 830 ιο
196 796 328 833 urbem
354 795 509 834 haberet
536 809 579 834 ac
601 797 779 846 princeps
800 797 1001 834 iuventutis
1028 797 1291 846 appellaretur.
1349 795 1520 833 additum
1538 801 1559 830 3

196 860 352 897 nomine
372 861 452 898 eius
479 861 699 899 donativum
720 862 839 907 militi,
861 862 1098 910 congiarium
1120 861 1254 910 plebei.
1313 867 1350 898 et
1375 860 1520 898 ludicro
1538 869 1562 898 4

196 925 434 969 circensium,
455 925 560 975 quod
590 926 833 974 adquirendis
860 925 960 974 vulgi
990 926 1123 963 studiis
1149 925 1342 970 edebatur,
1369 924 1520 962 Britan-

198 989 305 1026 nicus
343 989 382 1025 in
422 996 627 1038 praetexta,
669 989 774 1027 Nero
817 990 1036 1039 triumphali
1074 997 1174 1028 veste
1216 989 1370 1027 travecti
1410 996 1519 1027 sunt:

198 1060 384 1102 spectaret
422 1054 585 1103 populus
628 1055 729 1092 hunc
771 1055 909 1092 decore
953 1056 1205 1104 imperatorio,
1244 1054 1349 1091 illum
1389 1054 1521 1104 puerili

142 1118 338 1163 15habitu‚
370 1130 414 1155 ac
444 1119 602 1168 perinde
632 1119 822 1157 fortunam
853 1119 1049 1169 utriusque
1080 1126 1349 1169 praesumeret.
1409 1118 1563 1160 simu15

197 1185 262 1233 qui
295 1186 560 1223 centurionum
596 1186 911 1235 tribunorumque
950 1192 1089 1223 sortem
1124 1184 1333 1222 Britannici
1367 1184 1520 1222 misera-

197 1251 344 1295 bantur,
384 1251 520 1288 remoti
557 1250 653 1288 fictis
693 1252 818 1289 causis
856 1258 892 1288 et
931 1250 992 1288 alii
1031 1263 1098 1300 per
1138 1250 1304 1299 speciem
1343 1249 1522 1295 honoris;

196 1315 309 1352 etiam
353 1315 574 1353 libertorum
617 1316 647 1352 si
691 1316 776 1364 quis
825 1316 1043 1364 incorrupta
1087 1315 1173 1361 fide,
1217 1314 1413 1363 depellitur
1459 1314 1524 1352 tali

197 1380 409 1417 occasione.
466 1380 564 1417 obvii
597 1380 692 1418 inter
730 1393 771 1418 se
812 1379 918 1417 Nero
957 1380 1220 1417 Britannicum
1261 1380 1428 1424 nomine,
1462 1379 1564 1419 ille6

140 1454 182 1477 20
198 1443 411 1481 Domitium
438 1444 657 1482 salutavere.
714 1445 819 1494 quod
839 1452 879 1482 ut
901 1445 1113 1482 discordiae
1134 1445 1281 1481 initium
1309 1443 1523 1493 Agrippina
1539 1454 1561 1485 7

198 1509 317 1546 multo
342 1515 476 1558 questu
501 1509 549 1546 ad
569 1510 746 1547 maritum
768 1510 910 1547 defert:
947 1510 1074 1559 sperni
1095 1510 1236 1559 quippe
1263 1509 1521 1557 adoptionem,

197 1585 371 1623 quaeque
409 1574 623 1611 censuerint
656 1581 794 1623 patres,
834 1575 979 1611 iusserit
1018 1574 1196 1623 populus,
1236 1573 1334 1611 intra
1365 1580 1522 1622 penates

199 1638 396 1686 abrogari:
438 1650 482 1676 ac
514 1639 585 1676 nisi
609 1639 772 1688 pravitas
801 1646 880 1676 tam
909 1639 1057 1676 infensa
1087 1638 1308 1676 docentium
1337 1645 1520 1684 arceatur,

198 1710 378 1752 eruptura
402 1703 441 1740 in
465 1703 658 1752 publicam
678 1704 895 1752 perniciem.
953 1710 1169 1741 commotus
1193 1703 1251 1740 his
1271 1703 1380 1752 quasi
1399 1703 1522 1740 crimi-
1539 1712 1563 1741 8

141 1778 180 1811 ²5
199 1767 310 1804 nibus
343 1768 529 1816 optimum
559 1780 750 1817 quemque
784 1768 1030 1805 educatorem
1061 1768 1127 1805 filii
1161 1767 1275 1805 exilio
1308 1772 1372 1804 aut
1400 1773 1522 1805 morte

199 1831 326 1869 adficit
355 1832 543 1881 datosque
573 1844 595 1869 a
624 1844 789 1870 noverca
818 1832 1013 1870 custodiae
1044 1833 1125 1869 eius
1157 1832 1318 1881 inponit.

253 1900 322 1934 42.
353 1895 540 1934 Nondum
565 1903 693 1933 tamen
720 1908 871 1933 summa
894 1896 1017 1933 moliri
1043 1896 1256 1945 Agrippina
1282 1895 1458 1943 audebat,
1483 1897 1522 1934 ni

199 1961 473 2011 praetoriarum
504 1961 720 1998 cohortium
752 1972 841 1998 cura
873 1961 1153 1998 exsolverentur
1184 1960 1324 1998 Lusius
1356 1960 1456 1998 Geta
1484 1967 1522 1998 et

202 2025 354 2063 Rufrius
384 2025 592 2075 Crispinus,
619 2037 717 2075 quos
747 2023 976 2063 Messalinae
1003 2036 1194 2062 memores
1224 2033 1260 2062 et
1289 2025 1414 2063 liberis
1441 2026 1521 2063 eius

142 2105 184 2136 30
201 2091 394 2128 devinctos
419 2090 605 2128 credebat.
661 2090 771 2139 igitur
799 2090 952 2127 distrahi
978 2090 1155 2128 cohortes
1182 2091 1327 2128 ambitu
1357 2090 1519 2127 duorum
1537 2101 1561 2131 2

198 2163 245 2199 et,
292 2155 322 2192 si
368 2156 416 2192 ab
463 2167 542 2192 uno
588 2161 815 2204 regerentur,
864 2155 1104 2192 intentiorem
1151 2154 1231 2192 fore
1279 2154 1518 2204 disciplinam
1551 2184 1553 2186 .

200 2220 444 2257 adseverante
463 2232 593 2266 uxore,
615 2219 834 2257 transfertur
853 2220 1024 2268 regimen
1048 2219 1262 2257 cohortium
1283 2219 1332 2256 ad
1353 2218 1519 2256 Burrum

201 2283 410 2330 Afranium,
449 2285 622 2334 egregiae
663 2284 830 2322 militaris
868 2283 1002 2330 famae,
1042 2296 1204 2333 gnarum
1243 2291 1371 2322 tamen
1411 2284 1518 2322 cuius
