<?xml version="1.0" encoding="UTF-8"?>
<!DOCTYPE html PUBLIC "-//W3C//DTD XHTML 1.0 Transitional//EN"
    "http://www.w3.org/TR/xhtml1/DTD/xhtml1-transitional.dtd">
<html xmlns="http://www.w3.org/1999/xhtml" xml:lang="en" lang="en">
 <head>
  <title>
</title>
<meta http-equiv="Content-Type" content="text/html;charset=utf-8" />
  <meta name='ocr-system' content='tesseract 3.04.00' />
  <meta name='ocr-capabilities' content='ocr_page ocr_carea ocr_par ocr_line ocrx_word'/>
</head>
<body>
  <div class='ocr_page' id='page_1' title='image "annaliumwithintr02taciuoft_0156.png"; bbox 0 0 1643 2655; ppageno 0'>
   <div class='ocr_carea' id='block_1_1' title="bbox 486 78 1516 132">
    <p class='ocr_par' dir='ltr' id='par_1_1' title="bbox 486 78 1516 132">
     <span class='ocr_line' id='line_1_1' title="bbox 486 78 1516 132; baseline 0.003 -15"><span class='ocrx_word' id='word_1_1' title='bbox 486 85 723 118; x_wconf 81' lang='lat' dir='ltr'><em>CORNELII</em></span> <span class='ocrx_word' id='word_1_2' title='bbox 757 86 927 118; x_wconf 79' lang='lat' dir='ltr'><em>TACJTJ</em></span> <span class='ocrx_word' id='word_1_3' title='bbox 952 86 1228 118; x_wconf 78' lang='lat' dir='ltr'><em>ANNALJUM</em></span> <span class='ocrx_word' id='word_1_4' title='bbox 1279 78 1419 132; x_wconf 81' lang='lat' dir='ltr'>[A.U.C.</span> <span class='ocrx_word' id='word_1_5' title='bbox 1440 88 1516 129; x_wconf 85' lang='lat'>804.</span> 
     </span>
    </p>
   </div>
   <div class='ocr_carea' id='block_1_2' title="bbox 142 189 1566 2318">
    <p class='ocr_par' dir='ltr' id='par_1_2' title="bbox 198 189 1556 434">
     <span class='ocr_line' id='line_1_2' title="bbox 198 189 1516 239; baseline 0.001 -14"><span class='ocrx_word' id='word_1_6' title='bbox 198 195 392 235; x_wconf 87' lang='lat' dir='ltr'>rarentur;</span> <span class='ocrx_word' id='word_1_7' title='bbox 451 196 652 238; x_wconf 86' lang='lat' dir='ltr'>secutaque</span> <span class='ocrx_word' id='word_1_8' title='bbox 700 201 787 227; x_wconf 91' lang='lat' dir='ltr'>cum</span> <span class='ocrx_word' id='word_1_9' title='bbox 836 190 957 239; x_wconf 88' lang='lat' dir='ltr'>parvis</span> <span class='ocrx_word' id='word_1_10' title='bbox 1001 189 1126 226; x_wconf 89' lang='lat' dir='ltr'>liberis</span> <span class='ocrx_word' id='word_1_11' title='bbox 1168 191 1334 226; x_wconf 91' lang='lat' dir='ltr'>coniunx</span> <span class='ocrx_word' id='word_1_12' title='bbox 1377 196 1516 227; x_wconf 89' lang='lat' dir='ltr'>cuncta</span> 
     </span>
     <span class='ocr_line' id='line_1_3' title="bbox 198 253 1556 303; baseline 0.001 -13"><span class='ocrx_word' id='word_1_13' title='bbox 198 253 467 292; x_wconf 79' lang='lat' dir='ltr'>lamentatione</span> <span class='ocrx_word' id='word_1_14' title='bbox 520 254 747 303; x_wconf 85' lang='lat' dir='ltr'>complebat.</span> <span class='ocrx_word' id='word_1_15' title='bbox 805 255 960 292; x_wconf 89' lang='lat' dir='ltr'>diversis</span> <span class='ocrx_word' id='word_1_16' title='bbox 1014 261 1050 291; x_wconf 90' lang='lat' dir='ltr'>et</span> <span class='ocrx_word' id='word_1_17' title='bbox 1102 255 1285 292; x_wconf 91' lang='lat' dir='ltr'>contectis</span> <span class='ocrx_word' id='word_1_18' title='bbox 1336 254 1516 292; x_wconf 90' lang='lat' dir='ltr'>vehiculis</span> <span class='ocrx_word' id='word_1_19' title='bbox 1535 261 1556 292; x_wconf 86' lang='grc'><strong>7</strong></span> 
     </span>
     <span class='ocr_line' id='line_1_4' title="bbox 198 319 1516 368; baseline 0.001 -13"><span class='ocrx_word' id='word_1_20' title='bbox 198 319 398 364; x_wconf 82' lang='lat' dir='ltr'>abduntur,</span> <span class='ocrx_word' id='word_1_21' title='bbox 419 319 512 356; x_wconf 90' lang='lat' dir='ltr'>dum</span> <span class='ocrx_word' id='word_1_22' title='bbox 538 319 807 357; x_wconf 84' lang='lat' dir='ltr'>Pharasmanis</span> <span class='ocrx_word' id='word_1_23' title='bbox 827 320 927 356; x_wconf 88' lang='lat' dir='ltr'>iussa</span> <span class='ocrx_word' id='word_1_24' title='bbox 953 319 1247 368; x_wconf 84' lang='lat' dir='ltr'>exquirerentur.</span> <span class='ocrx_word' id='word_1_25' title='bbox 1306 319 1356 356; x_wconf 86' lang='lat' dir='ltr'>illi</span> <span class='ocrx_word' id='word_1_26' title='bbox 1376 319 1516 368; x_wconf 91' lang='lat' dir='ltr'>cupido</span> 
     </span>
     <span class='ocr_line' id='line_1_5' title="bbox 199 383 1515 434; baseline 0.001 -14"><span class='ocrx_word' id='word_1_27' title='bbox 199 384 303 432; x_wconf 83' lang='lat' dir='ltr'>regni</span> <span class='ocrx_word' id='word_1_28' title='bbox 341 383 452 422; x_wconf 88' lang='lat' dir='ltr'>fratre</span> <span class='ocrx_word' id='word_1_29' title='bbox 489 391 525 421; x_wconf 92' lang='lat' dir='ltr'>et</span> <span class='ocrx_word' id='word_1_30' title='bbox 563 384 638 421; x_wconf 88' lang='lat' dir='ltr'>filia</span> <span class='ocrx_word' id='word_1_31' title='bbox 676 385 798 432; x_wconf 92' lang='lat' dir='ltr'>potior</span> <span class='ocrx_word' id='word_1_32' title='bbox 836 385 1060 434; x_wconf 87' lang='lat' dir='ltr'>animusque</span> <span class='ocrx_word' id='word_1_33' title='bbox 1100 384 1306 421; x_wconf 82' lang='lat' dir='ltr'>sceleribus</span> <span class='ocrx_word' id='word_1_34' title='bbox 1343 391 1515 433; x_wconf 89' lang='lat' dir='ltr'>paratus;</span> 
     </span>
    </p>

    <p class='ocr_par' dir='ltr' id='par_1_3' title="bbox 162 445 1559 755">
     <span class='ocr_line' id='line_1_6' title="bbox 162 445 1557 494; baseline 0.001 -12"><span class='ocrx_word' id='word_1_35' title='bbox 162 462 181 494; x_wconf 82' lang='lat'><strong>5</strong></span> <span class='ocrx_word' id='word_1_36' title='bbox 199 446 291 482; x_wconf 89' lang='lat' dir='ltr'>visui</span> <span class='ocrx_word' id='word_1_37' title='bbox 312 451 439 483; x_wconf 88' lang='lat' dir='ltr'>tamen</span> <span class='ocrx_word' id='word_1_38' title='bbox 459 446 659 491; x_wconf 91' lang='lat' dir='ltr'>consuluit,</span> <span class='ocrx_word' id='word_1_39' title='bbox 682 458 729 482; x_wconf 90' lang='lat' dir='ltr'>ne</span> <span class='ocrx_word' id='word_1_40' title='bbox 755 458 885 484; x_wconf 89' lang='lat' dir='ltr'>coram</span> <span class='ocrx_word' id='word_1_41' title='bbox 905 446 1136 484; x_wconf 88' lang='lat' dir='ltr'>interficeret.</span> <span class='ocrx_word' id='word_1_42' title='bbox 1196 453 1232 483; x_wconf 89' lang='lat' dir='ltr'>et</span> <span class='ocrx_word' id='word_1_43' title='bbox 1259 445 1515 491; x_wconf 85' lang='lat' dir='ltr'>Radamistus,</span> <span class='ocrx_word' id='word_1_44' title='bbox 1533 455 1557 484; x_wconf 87' lang='lat'>8</span> 
     </span>
     <span class='ocr_line' id='line_1_7' title="bbox 199 510 1517 560; baseline 0 -12"><span class='ocrx_word' id='word_1_45' title='bbox 199 511 306 560; x_wconf 86' lang='lat' dir='ltr'>quasi</span> <span class='ocrx_word' id='word_1_46' title='bbox 343 512 430 548; x_wconf 91' lang='lat' dir='ltr'>iuris</span> <span class='ocrx_word' id='word_1_47' title='bbox 468 511 615 548; x_wconf 87' lang='lat' dir='ltr'>iurandi</span> <span class='ocrx_word' id='word_1_48' title='bbox 653 523 811 557; x_wconf 86' lang='lat' dir='ltr'>memor,</span> <span class='ocrx_word' id='word_1_49' title='bbox 843 523 922 548; x_wconf 90' lang='lat' dir='ltr'>non</span> <span class='ocrx_word' id='word_1_50' title='bbox 961 510 1110 557; x_wconf 90' lang='lat' dir='ltr'>ferrum,</span> <span class='ocrx_word' id='word_1_51' title='bbox 1145 523 1224 548; x_wconf 91' lang='lat' dir='ltr'>non</span> <span class='ocrx_word' id='word_1_52' title='bbox 1257 523 1447 548; x_wconf 90' lang='lat' dir='ltr'>venenum</span> <span class='ocrx_word' id='word_1_53' title='bbox 1478 511 1517 548; x_wconf 91' lang='lat' dir='ltr'>in</span> 
     </span>
     <span class='ocr_line' id='line_1_8' title="bbox 199 576 1518 626; baseline -0.001 -12"><span class='ocrx_word' id='word_1_54' title='bbox 199 588 367 614; x_wconf 86' lang='lat' dir='ltr'>sororem</span> <span class='ocrx_word' id='word_1_55' title='bbox 396 583 433 614; x_wconf 88' lang='lat' dir='ltr'>et</span> <span class='ocrx_word' id='word_1_56' title='bbox 463 582 641 625; x_wconf 91' lang='lat' dir='ltr'>patruum</span> <span class='ocrx_word' id='word_1_57' title='bbox 671 576 871 625; x_wconf 88' lang='lat' dir='ltr'>expromit,</span> <span class='ocrx_word' id='word_1_58' title='bbox 905 576 972 614; x_wconf 90' lang='lat' dir='ltr'>sed</span> <span class='ocrx_word' id='word_1_59' title='bbox 1006 577 1194 626; x_wconf 87' lang='lat' dir='ltr'>proiectos</span> <span class='ocrx_word' id='word_1_60' title='bbox 1226 577 1264 613; x_wconf 93' lang='lat' dir='ltr'>in</span> <span class='ocrx_word' id='word_1_61' title='bbox 1293 576 1453 614; x_wconf 91' lang='lat' dir='ltr'>humum</span> <span class='ocrx_word' id='word_1_62' title='bbox 1481 581 1518 614; x_wconf 90' lang='lat' dir='ltr'>et</span> 
     </span>
     <span class='ocr_line' id='line_1_9' title="bbox 198 641 1559 691; baseline 0.002 -14"><span class='ocrx_word' id='word_1_63' title='bbox 198 648 299 678; x_wconf 90' lang='lat' dir='ltr'>veste</span> <span class='ocrx_word' id='word_1_64' title='bbox 319 641 436 678; x_wconf 90' lang='lat' dir='ltr'>multa</span> <span class='ocrx_word' id='word_1_65' title='bbox 455 641 634 690; x_wconf 88' lang='lat' dir='ltr'>gravique</span> <span class='ocrx_word' id='word_1_66' title='bbox 660 647 814 691; x_wconf 89' lang='lat' dir='ltr'>opertos</span> <span class='ocrx_word' id='word_1_67' title='bbox 834 648 954 680; x_wconf 89' lang='lat' dir='ltr'>necat.</span> <span class='ocrx_word' id='word_1_68' title='bbox 1013 642 1076 678; x_wconf 86' lang='lat' dir='ltr'>filii</span> <span class='ocrx_word' id='word_1_69' title='bbox 1097 653 1249 691; x_wconf 92' lang='lat' dir='ltr'>quoque</span> <span class='ocrx_word' id='word_1_70' title='bbox 1274 641 1516 688; x_wconf 86' lang='lat' dir='ltr'>Mithridatis,</span> <span class='ocrx_word' id='word_1_71' title='bbox 1535 650 1559 680; x_wconf 84' lang='grc'>9</span> 
     </span>
     <span class='ocr_line' id='line_1_10' title="bbox 199 706 1397 755; baseline 0 -12"><span class='ocrx_word' id='word_1_72' title='bbox 199 706 304 755; x_wconf 91' lang='lat' dir='ltr'>quod</span> <span class='ocrx_word' id='word_1_73' title='bbox 324 706 505 743; x_wconf 88' lang='lat' dir='ltr'>caedibus</span> <span class='ocrx_word' id='word_1_74' title='bbox 525 712 724 755; x_wconf 89' lang='lat' dir='ltr'>parentum</span> <span class='ocrx_word' id='word_1_75' title='bbox 744 706 1083 752; x_wconf 85' lang='lat' dir='ltr'>inlacrimaverant,</span> <span class='ocrx_word' id='word_1_76' title='bbox 1106 707 1280 744; x_wconf 84' lang='lat' dir='ltr'>trucidati</span> <span class='ocrx_word' id='word_1_77' title='bbox 1301 712 1397 743; x_wconf 88' lang='lat' dir='ltr'>sunt.</span> 
     </span>
    </p>

    <p class='ocr_par' dir='ltr' id='par_1_4' title="bbox 142 771 1559 1078">
     <span class='ocr_line' id='line_1_11' title="bbox 142 771 1519 821; baseline -0.001 -12"><span class='ocrx_word' id='word_1_78' title='bbox 142 785 183 809; x_wconf 89' lang='lat'>10</span> <span class='ocrx_word' id='word_1_79' title='bbox 252 775 324 809; x_wconf 86' lang='lat'>48.</span> <span class='ocrx_word' id='word_1_80' title='bbox 356 772 406 808; x_wconf 89' lang='lat' dir='ltr'>At</span> <span class='ocrx_word' id='word_1_81' title='bbox 439 771 658 818; x_wconf 85' lang='lat' dir='ltr'>Quadratus</span> <span class='ocrx_word' id='word_1_82' title='bbox 693 783 931 821; x_wconf 89' lang='lat' dir='ltr'>cognoscens</span> <span class='ocrx_word' id='word_1_83' title='bbox 969 771 1161 821; x_wconf 92' lang='lat' dir='ltr'>proditum</span> <span class='ocrx_word' id='word_1_84' title='bbox 1196 771 1444 809; x_wconf 86' lang='lat' dir='ltr'>Mithridaten</span> <span class='ocrx_word' id='word_1_85' title='bbox 1482 778 1519 808; x_wconf 93' lang='lat' dir='ltr'>et</span> 
     </span>
     <span class='ocr_line' id='line_1_12' title="bbox 198 836 1521 887; baseline 0.001 -14"><span class='ocrx_word' id='word_1_86' title='bbox 198 848 359 886; x_wconf 89' lang='lat' dir='ltr'>regnum</span> <span class='ocrx_word' id='word_1_87' title='bbox 397 837 447 874; x_wconf 91' lang='lat' dir='ltr'>ab</span> <span class='ocrx_word' id='word_1_88' title='bbox 479 837 781 874; x_wconf 87' lang='lat' dir='ltr'>interfectoribus</span> <span class='ocrx_word' id='word_1_89' title='bbox 814 837 985 887; x_wconf 84' lang='lat' dir='ltr'>optineri,</span> <span class='ocrx_word' id='word_1_90' title='bbox 1019 843 1129 875; x_wconf 90' lang='lat' dir='ltr'>vocat</span> <span class='ocrx_word' id='word_1_91' title='bbox 1162 837 1372 882; x_wconf 89' lang='lat' dir='ltr'>consilium,</span> <span class='ocrx_word' id='word_1_92' title='bbox 1409 836 1521 874; x_wconf 91' lang='lat' dir='ltr'>docet</span> 
     </span>
     <span class='ocr_line' id='line_1_13' title="bbox 199 898 1559 948; baseline 0.001 -12"><span class='ocrx_word' id='word_1_93' title='bbox 199 906 283 937; x_wconf 89' lang='lat' dir='ltr'>acta</span> <span class='ocrx_word' id='word_1_94' title='bbox 316 908 352 937; x_wconf 91' lang='lat' dir='ltr'>et</span> <span class='ocrx_word' id='word_1_95' title='bbox 390 911 439 936; x_wconf 93' lang='lat' dir='ltr'>an</span> <span class='ocrx_word' id='word_1_96' title='bbox 476 899 716 937; x_wconf 89' lang='lat' dir='ltr'>ulcisceretur</span> <span class='ocrx_word' id='word_1_97' title='bbox 753 900 953 937; x_wconf 91' lang='lat' dir='ltr'>consultat.</span> <span class='ocrx_word' id='word_1_98' title='bbox 1010 899 1144 948; x_wconf 87' lang='lat' dir='ltr'>paucis</span> <span class='ocrx_word' id='word_1_99' title='bbox 1178 899 1294 936; x_wconf 89' lang='lat' dir='ltr'>decus</span> <span class='ocrx_word' id='word_1_100' title='bbox 1324 898 1559 948; x_wconf 82' lang='lat' dir='ltr'>publicum2</span> 
     </span>
     <span class='ocr_line' id='line_1_14' title="bbox 199 964 1519 1013; baseline -0.002 -11"><span class='ocrx_word' id='word_1_101' title='bbox 199 977 324 1009; x_wconf 88' lang='lat' dir='ltr'>curae,</span> <span class='ocrx_word' id='word_1_102' title='bbox 360 964 484 1013; x_wconf 90' lang='lat' dir='ltr'>plures</span> <span class='ocrx_word' id='word_1_103' title='bbox 518 971 597 1001; x_wconf 87' lang='lat' dir='ltr'>tuta</span> <span class='ocrx_word' id='word_1_104' title='bbox 630 965 835 1002; x_wconf 91' lang='lat' dir='ltr'>disserunt:</span> <span class='ocrx_word' id='word_1_105' title='bbox 884 976 1000 1002; x_wconf 90' lang='lat' dir='ltr'>omne</span> <span class='ocrx_word' id='word_1_106' title='bbox 1038 964 1160 1002; x_wconf 89' lang='lat' dir='ltr'>scelus</span> <span class='ocrx_word' id='word_1_107' title='bbox 1194 971 1393 1002; x_wconf 88' lang='lat' dir='ltr'>externum</span> <span class='ocrx_word' id='word_1_108' title='bbox 1431 975 1519 1002; x_wconf 91' lang='lat' dir='ltr'>cum</span> 
     </span>
     <span class='ocr_line' id='line_1_15' title="bbox 198 1028 1520 1078; baseline 0 -12"><span class='ocrx_word' id='word_1_109' title='bbox 198 1029 337 1067; x_wconf 84' lang='lat' dir='ltr'>laetitia</span> <span class='ocrx_word' id='word_1_110' title='bbox 356 1028 578 1067; x_wconf 90' lang='lat' dir='ltr'>habendum</span> <span class='ocrx_word' id='word_1_111' title='bbox 590 1042 599 1075; x_wconf 89' lang='lat'>;</span> <span class='ocrx_word' id='word_1_112' title='bbox 633 1031 780 1067; x_wconf 87' lang='lat' dir='ltr'>semina</span> <span class='ocrx_word' id='word_1_113' title='bbox 800 1030 913 1067; x_wconf 88' lang='lat' dir='ltr'>etiam</span> <span class='ocrx_word' id='word_1_114' title='bbox 941 1030 1115 1067; x_wconf 89' lang='lat' dir='ltr'>odiorum</span> <span class='ocrx_word' id='word_1_115' title='bbox 1140 1029 1326 1075; x_wconf 90' lang='lat' dir='ltr'>iacienda,</span> <span class='ocrx_word' id='word_1_116' title='bbox 1347 1036 1388 1067; x_wconf 91' lang='lat' dir='ltr'>ut</span> <span class='ocrx_word' id='word_1_117' title='bbox 1407 1041 1520 1078; x_wconf 88' lang='lat' dir='ltr'>saepe</span> 
     </span>
    </p>

    <p class='ocr_par' dir='ltr' id='par_1_5' title="bbox 143 1093 1563 1394">
     <span class='ocr_line' id='line_1_16' title="bbox 143 1093 1520 1144; baseline 0 -13"><span class='ocrx_word' id='word_1_118' title='bbox 143 1108 181 1142; x_wconf 86' lang='lat'>¹5</span> <span class='ocrx_word' id='word_1_119' title='bbox 199 1095 388 1144; x_wconf 89' lang='lat' dir='ltr'>principes</span> <span class='ocrx_word' id='word_1_120' title='bbox 435 1093 602 1132; x_wconf 89' lang='lat' dir='ltr'>Romani</span> <span class='ocrx_word' id='word_1_121' title='bbox 653 1095 816 1133; x_wconf 91' lang='lat' dir='ltr'>eandem</span> <span class='ocrx_word' id='word_1_122' title='bbox 862 1095 1088 1132; x_wconf 89' lang='lat' dir='ltr'>Armeniam</span> <span class='ocrx_word' id='word_1_123' title='bbox 1136 1095 1261 1144; x_wconf 92' lang='lat' dir='ltr'>specie</span> <span class='ocrx_word' id='word_1_124' title='bbox 1314 1094 1520 1144; x_wconf 84' lang='lat' dir='ltr'>largitionis</span> 
     </span>
     <span class='ocr_line' id='line_1_17' title="bbox 199 1159 1559 1210; baseline -0.001 -13"><span class='ocrx_word' id='word_1_125' title='bbox 199 1160 394 1198; x_wconf 84' lang='lat' dir='ltr'>turbandis</span> <span class='ocrx_word' id='word_1_126' title='bbox 423 1160 674 1198; x_wconf 89' lang='lat' dir='ltr'>barbarorum</span> <span class='ocrx_word' id='word_1_127' title='bbox 703 1161 840 1198; x_wconf 88' lang='lat' dir='ltr'>animis</span> <span class='ocrx_word' id='word_1_128' title='bbox 868 1160 1133 1210; x_wconf 87' lang='lat' dir='ltr'>praebuerint:</span> <span class='ocrx_word' id='word_1_129' title='bbox 1175 1166 1366 1210; x_wconf 90' lang='lat' dir='ltr'>poteretur</span> <span class='ocrx_word' id='word_1_130' title='bbox 1393 1159 1520 1197; x_wconf 88' lang='lat' dir='ltr'>Rada·</span> <span class='ocrx_word' id='word_1_131' title='bbox 1537 1165 1559 1194; x_wconf 80' lang='grc'><strong>3</strong></span> 
     </span>
     <span class='ocr_line' id='line_1_18' title="bbox 199 1224 1520 1275; baseline 0 -13"><span class='ocrx_word' id='word_1_132' title='bbox 199 1226 333 1263; x_wconf 90' lang='lat' dir='ltr'>mistus</span> <span class='ocrx_word' id='word_1_133' title='bbox 367 1225 464 1263; x_wconf 88' lang='lat' dir='ltr'>male</span> <span class='ocrx_word' id='word_1_134' title='bbox 494 1226 620 1275; x_wconf 84' lang='lat' dir='ltr'>partis,</span> <span class='ocrx_word' id='word_1_135' title='bbox 651 1225 742 1263; x_wconf 90' lang='lat' dir='ltr'>dum</span> <span class='ocrx_word' id='word_1_136' title='bbox 772 1226 926 1272; x_wconf 88' lang='lat' dir='ltr'>invisus,</span> <span class='ocrx_word' id='word_1_137' title='bbox 957 1226 1117 1271; x_wconf 88' lang='lat' dir='ltr'>infamis,</span> <span class='ocrx_word' id='word_1_138' title='bbox 1148 1225 1302 1275; x_wconf 92' lang='lat' dir='ltr'>quando</span> <span class='ocrx_word' id='word_1_139' title='bbox 1331 1225 1369 1262; x_wconf 93' lang='lat' dir='ltr'>id</span> <span class='ocrx_word' id='word_1_140' title='bbox 1397 1224 1520 1272; x_wconf 86' lang='lat' dir='ltr'>magis</span> 
     </span>
     <span class='ocr_line' id='line_1_19' title="bbox 201 1290 1521 1340; baseline -0.002 -12"><span class='ocrx_word' id='word_1_141' title='bbox 201 1303 247 1328; x_wconf 80' lang='lat' dir='ltr'>ex</span> <span class='ocrx_word' id='word_1_142' title='bbox 267 1302 339 1329; x_wconf 91' lang='lat' dir='ltr'>usu</span> <span class='ocrx_word' id='word_1_143' title='bbox 354 1302 470 1340; x_wconf 88' lang='lat' dir='ltr'>quarn</span> <span class='ocrx_word' id='word_1_144' title='bbox 491 1291 520 1327; x_wconf 92' lang='lat' dir='ltr'>si</span> <span class='ocrx_word' id='word_1_145' title='bbox 540 1302 628 1328; x_wconf 90' lang='lat' dir='ltr'>curn</span> <span class='ocrx_word' id='word_1_146' title='bbox 649 1291 769 1340; x_wconf 85' lang='lat' dir='ltr'>gloria</span> <span class='ocrx_word' id='word_1_147' title='bbox 788 1291 946 1340; x_wconf 89' lang='lat' dir='ltr'>adeptus</span> <span class='ocrx_word' id='word_1_148' title='bbox 967 1290 1072 1328; x_wconf 89' lang='lat' dir='ltr'>foret.</span> <span class='ocrx_word' id='word_1_149' title='bbox 1120 1291 1161 1327; x_wconf 90' lang='lat' dir='ltr'>in</span> <span class='ocrx_word' id='word_1_150' title='bbox 1180 1290 1279 1328; x_wconf 90' lang='lat' dir='ltr'>hanc</span> <span class='ocrx_word' id='word_1_151' title='bbox 1295 1290 1521 1328; x_wconf 88' lang='lat' dir='ltr'>sententiam</span> 
     </span>
     <span class='ocr_line' id='line_1_20' title="bbox 200 1355 1563 1394; baseline 0.001 -2"><span class='ocrx_word' id='word_1_152' title='bbox 200 1356 305 1393; x_wconf 90' lang='lat' dir='ltr'>itum.</span> <span class='ocrx_word' id='word_1_153' title='bbox 362 1368 411 1393; x_wconf 91' lang='lat' dir='ltr'>ne</span> <span class='ocrx_word' id='word_1_154' title='bbox 452 1362 579 1394; x_wconf 90' lang='lat' dir='ltr'>tamen</span> <span class='ocrx_word' id='word_1_155' title='bbox 620 1356 796 1394; x_wconf 90' lang='lat' dir='ltr'>adnuisse</span> <span class='ocrx_word' id='word_1_156' title='bbox 839 1355 998 1394; x_wconf 90' lang='lat' dir='ltr'>facinori</span> <span class='ocrx_word' id='word_1_157' title='bbox 1042 1355 1254 1393; x_wconf 87' lang='lat' dir='ltr'>viderentur</span> <span class='ocrx_word' id='word_1_158' title='bbox 1296 1362 1333 1393; x_wconf 90' lang='lat' dir='ltr'>et</span> <span class='ocrx_word' id='word_1_159' title='bbox 1375 1355 1563 1393; x_wconf 80' lang='lat' dir='ltr'>diversa4</span> 
     </span>
    </p>

    <p class='ocr_par' dir='ltr' id='par_1_6' title="bbox 143 1419 1522 1536">
     <span class='ocr_line' id='line_1_21' title="bbox 143 1419 1522 1466; baseline 0 -8"><span class='ocrx_word' id='word_1_160' title='bbox 143 1433 184 1457; x_wconf 81' lang='lat'>20</span> <span class='ocrx_word' id='word_1_161' title='bbox 201 1421 343 1459; x_wconf 89' lang='lat' dir='ltr'>Caesar</span> <span class='ocrx_word' id='word_1_162' title='bbox 372 1422 526 1466; x_wconf 87' lang='lat' dir='ltr'>iuberet,</span> <span class='ocrx_word' id='word_1_163' title='bbox 552 1421 656 1459; x_wconf 87' lang='lat' dir='ltr'>missi</span> <span class='ocrx_word' id='word_1_164' title='bbox 686 1422 734 1459; x_wconf 90' lang='lat' dir='ltr'>ad</span> <span class='ocrx_word' id='word_1_165' title='bbox 761 1421 1046 1459; x_wconf 88' lang='lat' dir='ltr'>Pharasmanen</span> <span class='ocrx_word' id='word_1_166' title='bbox 1075 1420 1206 1466; x_wconf 86' lang='lat' dir='ltr'>nuntii,</span> <span class='ocrx_word' id='word_1_167' title='bbox 1232 1427 1271 1458; x_wconf 91' lang='lat' dir='ltr'>ut</span> <span class='ocrx_word' id='word_1_168' title='bbox 1301 1419 1522 1458; x_wconf 87' lang='lat' dir='ltr'>abscederet</span> 
     </span>
     <span class='ocr_line' id='line_1_22' title="bbox 201 1486 1071 1536; baseline 0 -13"><span class='ocrx_word' id='word_1_169' title='bbox 201 1498 224 1523; x_wconf 90' lang='lat' dir='ltr'>a</span> <span class='ocrx_word' id='word_1_170' title='bbox 246 1487 383 1524; x_wconf 90' lang='lat' dir='ltr'>finibus</span> <span class='ocrx_word' id='word_1_171' title='bbox 403 1486 593 1523; x_wconf 89' lang='lat' dir='ltr'>Armeniis</span> <span class='ocrx_word' id='word_1_172' title='bbox 614 1486 808 1536; x_wconf 91' lang='lat' dir='ltr'>filiumque</span> <span class='ocrx_word' id='word_1_173' title='bbox 829 1486 1071 1524; x_wconf 89' lang='lat' dir='ltr'>abstraheret.</span> 
     </span>
    </p>

    <p class='ocr_par' dir='ltr' id='par_1_7' title="bbox 201 1550 1523 1733">
     <span class='ocr_line' id='line_1_23' title="bbox 253 1550 1523 1601; baseline -0.002 -11"><span class='ocrx_word' id='word_1_174' title='bbox 253 1555 326 1590; x_wconf 85' lang='lat'>49.</span> <span class='ocrx_word' id='word_1_175' title='bbox 355 1550 447 1588; x_wconf 86' lang='lat' dir='ltr'>Erat</span> <span class='ocrx_word' id='word_1_176' title='bbox 471 1550 738 1601; x_wconf 87' lang='lat' dir='ltr'>Cappadociae</span> <span class='ocrx_word' id='word_1_177' title='bbox 757 1558 977 1600; x_wconf 89' lang='lat' dir='ltr'>procurator</span> <span class='ocrx_word' id='word_1_178' title='bbox 996 1550 1114 1588; x_wconf 92' lang='lat' dir='ltr'>Iulius</span> <span class='ocrx_word' id='word_1_179' title='bbox 1140 1550 1354 1600; x_wconf 86' lang='lat' dir='ltr'>Paelignus,</span> <span class='ocrx_word' id='word_1_180' title='bbox 1373 1551 1523 1600; x_wconf 85' lang='lat' dir='ltr'>ignavia</span> 
     </span>
     <span class='ocr_line' id='line_1_24' title="bbox 201 1616 1521 1667; baseline -0.001 -12"><span class='ocrx_word' id='word_1_181' title='bbox 201 1618 317 1656; x_wconf 90' lang='lat' dir='ltr'>animi</span> <span class='ocrx_word' id='word_1_182' title='bbox 343 1624 380 1655; x_wconf 86' lang='lat' dir='ltr'>et</span> <span class='ocrx_word' id='word_1_183' title='bbox 405 1617 613 1655; x_wconf 91' lang='lat' dir='ltr'>deridiculo</span> <span class='ocrx_word' id='word_1_184' title='bbox 640 1618 811 1666; x_wconf 90' lang='lat' dir='ltr'>corporis</span> <span class='ocrx_word' id='word_1_185' title='bbox 838 1618 941 1654; x_wconf 77' lang='lat' dir='ltr'>iuxta</span> <span class='ocrx_word' id='word_1_186' title='bbox 968 1617 1243 1667; x_wconf 88' lang='lat' dir='ltr'>despiciendus,</span> <span class='ocrx_word' id='word_1_187' title='bbox 1267 1617 1333 1654; x_wconf 91' lang='lat' dir='ltr'>sed</span> <span class='ocrx_word' id='word_1_188' title='bbox 1359 1616 1521 1654; x_wconf 89' lang='lat' dir='ltr'>Claudio</span> 
     </span>
     <span class='ocr_line' id='line_1_25' title="bbox 201 1682 1522 1733; baseline -0.002 -12"><span class='ocrx_word' id='word_1_189' title='bbox 201 1695 386 1733; x_wconf 89' lang='lat' dir='ltr'>perquam</span> <span class='ocrx_word' id='word_1_190' title='bbox 400 1682 604 1728; x_wconf 90' lang='lat' dir='ltr'>familiaris,</span> <span class='ocrx_word' id='word_1_191' title='bbox 619 1694 708 1720; x_wconf 89' lang='lat' dir='ltr'>cum</span> <span class='ocrx_word' id='word_1_192' title='bbox 723 1683 888 1732; x_wconf 81' lang='lat' dir='ltr'>privatus</span> <span class='ocrx_word' id='word_1_193' title='bbox 901 1682 994 1720; x_wconf 91' lang='lat' dir='ltr'>olim</span> <span class='ocrx_word' id='word_1_194' title='bbox 1007 1682 1293 1720; x_wconf 88' lang='lat' dir='ltr'>conversatione</span> <span class='ocrx_word' id='word_1_195' title='bbox 1310 1693 1522 1720; x_wconf 86' lang='lat' dir='ltr'>scurrarum</span> 
     </span>
    </p>

    <p class='ocr_par' dir='ltr' id='par_1_8' title="bbox 143 1746 1563 2059">
     <span class='ocr_line' id='line_1_26' title="bbox 143 1746 1563 1796; baseline 0.001 -12"><span class='ocrx_word' id='word_1_196' title='bbox 143 1756 183 1789; x_wconf 83' lang='lat'>25</span> <span class='ocrx_word' id='word_1_197' title='bbox 202 1748 302 1784; x_wconf 91' lang='lat' dir='ltr'>iners</span> <span class='ocrx_word' id='word_1_198' title='bbox 336 1747 456 1784; x_wconf 90' lang='lat' dir='ltr'>otium</span> <span class='ocrx_word' id='word_1_199' title='bbox 487 1747 702 1784; x_wconf 83' lang='lat' dir='ltr'>oblectaret.</span> <span class='ocrx_word' id='word_1_200' title='bbox 759 1747 789 1783; x_wconf 91' lang='lat' dir='ltr'>is</span> <span class='ocrx_word' id='word_1_201' title='bbox 822 1746 1026 1795; x_wconf 85' lang='lat' dir='ltr'>Paelignus</span> <span class='ocrx_word' id='word_1_202' title='bbox 1059 1746 1205 1784; x_wconf 83' lang='lat' dir='ltr'>auxiliis</span> <span class='ocrx_word' id='word_1_203' title='bbox 1237 1746 1563 1796; x_wconf 83' lang='lat' dir='ltr'>provincialium2</span> 
     </span>
     <span class='ocr_line' id='line_1_27' title="bbox 203 1811 1523 1860; baseline -0.002 -10"><span class='ocrx_word' id='word_1_204' title='bbox 203 1812 406 1851; x_wconf 89' lang='lat' dir='ltr'>contractis</span> <span class='ocrx_word' id='word_1_205' title='bbox 443 1818 639 1860; x_wconf 88' lang='lat' dir='ltr'>tamquam</span> <span class='ocrx_word' id='word_1_206' title='bbox 680 1811 956 1860; x_wconf 90' lang='lat' dir='ltr'>reciperaturus</span> <span class='ocrx_word' id='word_1_207' title='bbox 994 1811 1227 1856; x_wconf 85' lang='lat' dir='ltr'>Armeniam,</span> <span class='ocrx_word' id='word_1_208' title='bbox 1267 1811 1359 1848; x_wconf 91' lang='lat' dir='ltr'>dum</span> <span class='ocrx_word' id='word_1_209' title='bbox 1399 1811 1523 1848; x_wconf 88' lang='lat' dir='ltr'>socios</span> 
     </span>
     <span class='ocr_line' id='line_1_28' title="bbox 202 1875 1524 1926; baseline -0.001 -12"><span class='ocrx_word' id='word_1_210' title='bbox 202 1878 325 1925; x_wconf 89' lang='lat' dir='ltr'>magis</span> <span class='ocrx_word' id='word_1_211' title='bbox 351 1887 468 1926; x_wconf 83' lang='lat' dir='ltr'>quam</span> <span class='ocrx_word' id='word_1_212' title='bbox 493 1875 621 1914; x_wconf 88' lang='lat' dir='ltr'>hostes</span> <span class='ocrx_word' id='word_1_213' title='bbox 647 1876 861 1924; x_wconf 88' lang='lat' dir='ltr'>praedatur,</span> <span class='ocrx_word' id='word_1_214' title='bbox 883 1876 1065 1913; x_wconf 88' lang='lat' dir='ltr'>abscessu</span> <span class='ocrx_word' id='word_1_215' title='bbox 1092 1887 1245 1912; x_wconf 90' lang='lat' dir='ltr'>suorum</span> <span class='ocrx_word' id='word_1_216' title='bbox 1265 1882 1301 1912; x_wconf 93' lang='lat' dir='ltr'>et</span> <span class='ocrx_word' id='word_1_217' title='bbox 1326 1875 1524 1913; x_wconf 90' lang='lat' dir='ltr'>incursan-</span> 
     </span>
     <span class='ocr_line' id='line_1_29' title="bbox 202 1940 1525 1991; baseline -0.002 -10"><span class='ocrx_word' id='word_1_218' title='bbox 202 1944 301 1981; x_wconf 91' lang='lat' dir='ltr'>tibus</span> <span class='ocrx_word' id='word_1_219' title='bbox 328 1942 497 1979; x_wconf 88' lang='lat' dir='ltr'>barbaris</span> <span class='ocrx_word' id='word_1_220' title='bbox 523 1941 698 1991; x_wconf 91' lang='lat' dir='ltr'>praesidii</span> <span class='ocrx_word' id='word_1_221' title='bbox 725 1953 842 1989; x_wconf 88' lang='lat' dir='ltr'>egens</span> <span class='ocrx_word' id='word_1_222' title='bbox 871 1940 920 1978; x_wconf 90' lang='lat' dir='ltr'>ad</span> <span class='ocrx_word' id='word_1_223' title='bbox 946 1940 1214 1978; x_wconf 90' lang='lat' dir='ltr'>Radamistum</span> <span class='ocrx_word' id='word_1_224' title='bbox 1239 1941 1356 1987; x_wconf 87' lang='lat' dir='ltr'>venit;</span> <span class='ocrx_word' id='word_1_225' title='bbox 1395 1940 1525 1979; x_wconf 91' lang='lat' dir='ltr'>donis-</span> 
     </span>
     <span class='ocr_line' id='line_1_30' title="bbox 204 2005 1525 2059; baseline -0.002 -13"><span class='ocrx_word' id='word_1_226' title='bbox 204 2021 278 2059; x_wconf 88' lang='lat' dir='ltr'>que</span> <span class='ocrx_word' id='word_1_227' title='bbox 298 2008 378 2046; x_wconf 91' lang='lat' dir='ltr'>eius</span> <span class='ocrx_word' id='word_1_228' title='bbox 405 2007 545 2045; x_wconf 89' lang='lat' dir='ltr'>evictus</span> <span class='ocrx_word' id='word_1_229' title='bbox 570 2007 669 2044; x_wconf 92' lang='lat' dir='ltr'>ultro</span> <span class='ocrx_word' id='word_1_230' title='bbox 695 2006 843 2055; x_wconf 85' lang='lat' dir='ltr'>regium</span> <span class='ocrx_word' id='word_1_231' title='bbox 868 2006 1016 2054; x_wconf 87' lang='lat' dir='ltr'>insigne</span> <span class='ocrx_word' id='word_1_232' title='bbox 1043 2017 1192 2043; x_wconf 90' lang='lat' dir='ltr'>sumere</span> <span class='ocrx_word' id='word_1_233' title='bbox 1217 2005 1436 2043; x_wconf 85' lang='lat' dir='ltr'>cohortatur</span> <span class='ocrx_word' id='word_1_234' title='bbox 1462 2017 1525 2043; x_wconf 90' lang='lat' dir='ltr'>su-</span> 
     </span>
    </p>

    <p class='ocr_par' dir='ltr' id='par_1_9' title="bbox 145 2070 1566 2318">
     <span class='ocr_line' id='line_1_31' title="bbox 145 2070 1564 2123; baseline 0.001 -15"><span class='ocrx_word' id='word_1_235' title='bbox 145 2074 395 2123; x_wconf 70' lang='lat' dir='ltr'>sumentique</span> <span class='ocrx_word' id='word_1_236' title='bbox 434 2071 541 2110; x_wconf 90' lang='lat' dir='ltr'>adest</span> <span class='ocrx_word' id='word_1_237' title='bbox 580 2078 711 2109; x_wconf 91' lang='lat' dir='ltr'>auctor</span> <span class='ocrx_word' id='word_1_238' title='bbox 751 2077 788 2108; x_wconf 89' lang='lat' dir='ltr'>et</span> <span class='ocrx_word' id='word_1_239' title='bbox 825 2070 984 2108; x_wconf 74' lang='lat' dir='ltr'>satelles</span> <span class='ocrx_word' id='word_1_240' title='bbox 1042 2070 1146 2119; x_wconf 92' lang='lat' dir='ltr'>quod</span> <span class='ocrx_word' id='word_1_241' title='bbox 1184 2071 1249 2107; x_wconf 93' lang='lat' dir='ltr'>ubi</span> <span class='ocrx_word' id='word_1_242' title='bbox 1289 2071 1388 2119; x_wconf 89' lang='lat' dir='ltr'>turpi</span> <span class='ocrx_word' id='word_1_243' title='bbox 1424 2070 1564 2109; x_wconf 70' lang='lat' dir='ltr'>famas</span> 
     </span>
     <span class='ocr_line' id='line_1_32' title="bbox 205 2134 1524 2188; baseline -0.002 -12"><span class='ocrx_word' id='word_1_244' title='bbox 205 2139 446 2188; x_wconf 84' lang='lat' dir='ltr'>divulgatum,</span> <span class='ocrx_word' id='word_1_245' title='bbox 482 2149 530 2174; x_wconf 93' lang='lat' dir='ltr'>ne</span> <span class='ocrx_word' id='word_1_246' title='bbox 569 2136 681 2174; x_wconf 88' lang='lat' dir='ltr'>ceteri</span> <span class='ocrx_word' id='word_1_247' title='bbox 719 2147 873 2186; x_wconf 91' lang='lat' dir='ltr'>quoque</span> <span class='ocrx_word' id='word_1_248' title='bbox 910 2147 957 2172; x_wconf 89' lang='lat' dir='ltr'>ex</span> <span class='ocrx_word' id='word_1_249' title='bbox 991 2134 1175 2184; x_wconf 88' lang='lat' dir='ltr'>Paeligno</span> <span class='ocrx_word' id='word_1_250' title='bbox 1212 2135 1524 2181; x_wconf 88' lang='lat' dir='ltr'>coniectarentur,</span> 
     </span>
     <span class='ocr_line' id='line_1_33' title="bbox 206 2199 1526 2249; baseline -0.002 -10"><span class='ocrx_word' id='word_1_251' title='bbox 206 2203 406 2240; x_wconf 89' lang='lat' dir='ltr'>Helvidius</span> <span class='ocrx_word' id='word_1_252' title='bbox 428 2201 580 2238; x_wconf 86' lang='lat' dir='ltr'>Priscus</span> <span class='ocrx_word' id='word_1_253' title='bbox 600 2200 744 2249; x_wconf 86' lang='lat' dir='ltr'>legatus</span> <span class='ocrx_word' id='word_1_254' title='bbox 764 2211 852 2237; x_wconf 91' lang='lat' dir='ltr'>cum</span> <span class='ocrx_word' id='word_1_255' title='bbox 873 2199 1024 2248; x_wconf 84' lang='lat' dir='ltr'>legione</span> <span class='ocrx_word' id='word_1_256' title='bbox 1044 2200 1213 2245; x_wconf 79' lang='lat' dir='ltr'>mittitur,</span> <span class='ocrx_word' id='word_1_257' title='bbox 1235 2200 1348 2237; x_wconf 89' lang='lat' dir='ltr'>rebus</span> <span class='ocrx_word' id='word_1_258' title='bbox 1367 2199 1526 2237; x_wconf 91' lang='lat' dir='ltr'>turbidis</span> 
     </span>
     <span class='ocr_line' id='line_1_34' title="bbox 204 2263 1566 2318; baseline -0.003 -13"><span class='ocrx_word' id='word_1_259' title='bbox 204 2280 274 2318; x_wconf 90' lang='lat' dir='ltr'>pro</span> <span class='ocrx_word' id='word_1_260' title='bbox 295 2274 469 2316; x_wconf 89' lang='lat' dir='ltr'>tempore</span> <span class='ocrx_word' id='word_1_261' title='bbox 490 2271 530 2302; x_wconf 91' lang='lat' dir='ltr'>ut</span> <span class='ocrx_word' id='word_1_262' title='bbox 556 2264 776 2303; x_wconf 87' lang='lat' dir='ltr'>consuleret.</span> <span class='ocrx_word' id='word_1_263' title='bbox 834 2264 945 2312; x_wconf 88' lang='lat' dir='ltr'>igitur</span> <span class='ocrx_word' id='word_1_264' title='bbox 970 2276 1130 2313; x_wconf 90' lang='lat' dir='ltr'>propere</span> <span class='ocrx_word' id='word_1_265' title='bbox 1155 2270 1326 2302; x_wconf 88' lang='lat' dir='ltr'>montem</span> <span class='ocrx_word' id='word_1_266' title='bbox 1351 2263 1525 2301; x_wconf 88' lang='lat' dir='ltr'>Taurum</span> <span class='ocrx_word' id='word_1_267' title='bbox 1541 2272 1566 2301; x_wconf 77' lang='lat'><em>4</em></span> 
     </span>
    </p>
   </div>
  </div>
 </body>
</html>
