1634 2640
129 117 204 143 mn.
226 103 297 158 47]
508 116 654 148 LIBER
684 118 748 149 m.
811 121 907 152 CAP.
941 128 1051 164 7-10.

87 213 320 262 apaululum
354 219 603 256 cunctationis
634 221 753 257 attulit
785 234 848 259 rex
883 225 1039 263 minoris
1074 229 1274 269 Armeniae
1307 235 1435 284 Cotys„

127 278 244 315 versis
288 279 374 317 illuc
423 282 650 330 quibusdam
692 297 914 334 procerum;
963 290 1048 327 dein
1095 293 1222 330 litteris
1263 297 1436 336 Caesaris

126 344 323 389 coercitus,
367 352 404 382 et
451 356 587 385 cuncta
627 349 664 386 in
709 348 953 390 Mithridaten
1002 354 1156 402 fluxere,
1201 372 1431 411 quamquam

85 408 350 446 4atrociorem
388 422 503 460 quam
541 425 641 451 novo
680 426 798 463 regno
837 417 1072 457 conduceret.
1129 429 1165 458 at
1200 422 1326 462 Parthi
1362 428 1433 464 im-

126 479 318 520 peratores
361 486 449 512 cum
494 489 664 526 pugnam
709 489 892 528 pararent,
931 482 1062 521 foedus
1101 495 1255 535 repente
1293 490 1469 534 iaciunt5

125 537 286 585 cognitis
314 540 555 588 popularium
587 543 740 590 insidiis,
771 557 865 594 quas
899 546 1081 586 Gotarzes
1111 550 1210 589 fratri
1239 555 1430 602 patefecit;

124 603 393 653 congressique
416 606 540 654 primo
565 616 798 654 cunctanter,
827 611 914 648 dein
943 614 1131 662 complexi
1157 616 1305 656 dextras
1331 621 1430 669 apud

124 666 254 705 altaria
290 667 404 706 deum
442 671 620 721 pepigere
663 673 832 711 fraudem
875 677 1111 717 inimicorum
1151 682 1279 720 ulcisci
1318 692 1430 734 atque

81 738 103 767 5
123 730 192 780 ipsi
212 732 307 770 inter
326 745 366 771 se
385 736 607 774 concedere.
665 740 862 790 potiorque
890 741 1086 781 Vardanes
1110 745 1209 782 visus
1232 749 1428 788 retinendo

121 807 266 845 regno:
295 804 333 835 at
352 797 548 850 Gotarzes,
573 814 620 840 ne
648 804 738 852 quid
764 806 1024 844 aemulationis
1048 809 1252 857 exsisteret,
1279 815 1427 862 penitus
1449 829 1488 851 10

77 866 101 895 6
121 860 159 897 in
189 861 421 911 Hyrcaniam
451 867 550 904 abiit.
609 880 854 919 regressoque
885 871 1052 909 Vardani
1081 873 1227 912 deditur
1257 877 1427 918 Seleucia

119 926 282 974 septimo
293 936 379 977 post
399 930 649 970 defectionem
666 946 778 980 anno,
797 947 873 972 non
891 936 969 973 sine
985 937 1172 976 dedecore
1189 940 1422 990 Parthorum,

119 1002 216 1040 quos
235 1003 311 1029 una
331 994 459 1032 civitas
480 1003 555 1033 tam
577 997 639 1035 diu
656 998 825 1036 eluserat.

172 1058 232 1093 10.
263 1056 377 1094 Exim
406 1060 655 1100 validissimas
684 1064 939 1112 praefecturas
971 1068 1118 1117 invisit3
1151 1078 1186 1109 et
1215 1073 1422 1122 reciperare

117 1119 338 1158 Armeniam
366 1126 511 1171 avebat,
542 1127 579 1163 ni
609 1139 630 1164 a
660 1127 773 1166 Vibio
804 1129 944 1177 Marso,
969 1132 1096 1173 Suriae
1120 1136 1255 1185 legato,
1284 1139 1422 1176 bellum
1445 1153 1481 1184 ¹5

78 1193 100 1223 2
116 1185 312 1224 minitante
328 1187 514 1227 cohibitus
533 1189 640 1228 foret.
695 1199 808 1241 atque
829 1194 976 1232 interim
994 1197 1176 1237 Gotarzes
1193 1202 1422 1249 paenitentia

116 1251 289 1288 concessi
315 1253 422 1301 regni
450 1259 486 1290 et
515 1262 675 1292 vocante
701 1257 906 1303 nobilitate,
926 1260 984 1296 cui
1008 1261 1046 1297 in
1069 1274 1163 1310 pace
1190 1263 1318 1301 durius
1346 1277 1421 1302 ser-

76 1323 97 1352 3
116 1313 245 1351 vitium
263 1322 330 1362 est,
351 1317 537 1356 contrahit
563 1320 702 1369 copias.
759 1327 795 1358 et
822 1321 908 1360 huic
928 1331 1058 1362 contra
1078 1326 1171 1364 itum
1195 1328 1244 1365 ad
1266 1340 1420 1366 amnem

114 1376 283 1417 Erinden
298 1393 308 1427 ;
356 1381 395 1418 in
443 1383 550 1420 cuius
596 1389 831 1434 transgressu
878 1388 1036 1426 multum
1080 1398 1222 1429 certato
1267 1394 1421 1442 pervicit

115 1441 323 1492 Vardanes,
351 1448 615 1498 prosperisque
645 1450 796 1498 proeliis
823 1451 966 1489 medias
992 1455 1166 1493 nationes
1191 1457 1339 1506 subegit
1371 1459 1419 1495 ad
1440 1474 1480 1496 20

72 1517 96 1546 4
114 1506 253 1546 flumen
269 1509 424 1556 Sinden,
442 1513 545 1561 quod
557 1512 687 1550 Dahas
703 1515 890 1563 Ariosque
911 1515 1155 1556 disterminat.
1213 1520 1260 1557 ibi
1281 1521 1418 1559 modus

112 1573 224 1611 rebus
257 1576 433 1614 secundis
470 1577 638 1625 positus:
688 1589 776 1615 narn
815 1578 941 1616 Parthi
983 1586 1213 1630 quamquam
1258 1584 1417 1622 victores

72 1644 94 1673 5
113 1635 359 1687 longinquam
385 1639 555 1677 militiam
582 1642 891 1690 aspernabantur.
947 1644 1057 1692 igitur
1075 1647 1271 1684 exstructis
1290 1649 1412 1685 moni-

112 1705 258 1748 mentiS,
296 1704 432 1752 quibus
479 1716 572 1754 opes
617 1717 702 1743 suas
750 1708 954 1745 testabatur
998 1721 1069 1747 nec
1113 1711 1291 1759 cuiquam
1329 1720 1415 1750 ante

111 1765 379 1806 Arsacidarum
402 1769 538 1806 tributa
558 1769 628 1807 illis
649 1770 695 1808 de
719 1772 896 1820 gentibus
915 1780 1033 1822 parta,
1054 1775 1261 1823 regreditur
1279 1778 1415 1827 ingens
1435 1790 1473 1822 25

111 1830 230 1880 gloria
257 1838 369 1881 atque
396 1845 443 1870 eo
472 1833 631 1872 ferocior
655 1842 691 1872 et
717 1836 892 1873 subiectis
921 1838 1202 1886 intolerantior;
1233 1842 1297 1890 qui
1325 1843 1414 1881 dolo

111 1902 198 1933 ante
226 1898 426 1946 conposito
454 1899 650 1936 incautum
679 1901 945 1950 venationique
974 1902 1157 1941 intentum
1186 1905 1413 1953 interfecere,

110 1961 271 2009 primam
296 1962 396 1999 intra
420 1963 620 2009 iuventam,
649 1964 714 2001 sed
739 1965 960 2004 claritudine
985 1979 1127 2016 paucos
1156 1969 1251 2007 inter
1279 1983 1413 2011 senum

110 2037 254 2074 regum,
290 2026 321 2063 si
355 2027 508 2076 perinde
547 2040 716 2066 amorem
750 2030 843 2068 inter
880 2032 1079 2081 populares
1118 2045 1232 2083 quam
1270 2042 1412 2074 metum

69 2099 92 2128 6
112 2090 214 2138 apud
246 2089 371 2129 hostes
401 2092 657 2141 quaesivisset.
714 2106 805 2132 nece
835 2094 1024 2134 Vardanis
1054 2099 1222 2137 turbatae
1254 2099 1411 2139 Partho·
1432 2111 1474 2142 30

71 2164 92 2195 7
110 2165 194 2191 rum
217 2166 276 2192 res
300 2155 396 2193 inter
422 2157 631 2206 ambiguos,
649 2158 733 2208 quis
758 2160 796 2196 in
823 2172 983 2209 regnum
1009 2163 1247 2212 acciperetur.
1307 2166 1412 2203 multi

109 2219 158 2256 ad
195 2217 384 2257 Gotarzen
423 2220 666 2269 inclinabant,
703 2224 858 2273 quidam
896 2226 944 2263 ad
978 2225 1226 2266 Meherdaten
1264 2230 1410 2279 prolem

109 2282 292 2329 Phraatis,
329 2284 476 2322 obsidio
514 2287 624 2324 nobis
655 2287 812 2327 datum:
851 2289 939 2328 dein
972 2292 1177 2341 praevaluit
1213 2293 1408 2333 Gotarzes.

194 2370 254 2392 12⁴⁹
1290 2383 1319 2409 Η
