1634 2640
129 111 301 167 A·1>-47·]
481 117 631 151 LIBER
660 117 727 148 xl.
788 117 886 148 CAP.
922 122 1059 158 10-15.

127 223 226 260 velut
265 222 442 260 translata
481 222 555 258 iam
590 220 750 264 fortuna,
792 219 884 256 servi
920 218 1038 255 liberti
1074 226 1226 267 paratus
1259 218 1438 268 principis

128 287 230 337 apud
249 287 457 325 adulterum
480 286 706 323 visebantur.

182 355 241 389 13.
271 351 322 388 At
342 350 524 388 Claudius
544 349 771 386 matrimonii
793 348 849 384 sui
869 348 1022 395 ignarus
1049 354 1085 384 et
1112 347 1240 384 munia
1267 348 1439 384 censoria

128 427 328 465 usurpans,
369 414 586 452 theatralem
628 413 755 462 populi
799 412 992 449 lasciviam
1036 412 1173 449 severis
1215 411 1345 449 edictis
1385 412 1439 447 in-

131 479 287 528 crepuit,
321 478 427 528 quod
465 478 502 514 in
538 477 579 514 P.
615 476 872 526 Pomponium
912 476 1150 513 consularem
1186 474 1233 525 (is
1272 477 1440 513 carmina

89 555 112 585 8
131 555 292 582 scaenae
307 541 437 592 dabat)
452 543 565 591 inque
580 541 740 579 feminas
756 541 931 579 inlustres
951 542 1090 590 probra
1107 541 1254 578 iecerat.
1302 549 1339 579 et
1360 541 1441 590 lege

132 609 206 646 lata
229 608 420 646 saevitiam
448 607 677 645 creditorum
706 607 884 651 coercuit,
916 618 963 642 ne
995 607 1033 642 in
1053 613 1213 643 mortem
1242 612 1442 655 parentum

131 673 313 722 pecunias
334 672 416 709 filiis
437 671 662 708 familiarum
684 671 827 708 faenori
842 670 984 708 darent.
1042 670 1241 720 fontesque
1258 682 1442 720 aquarum

91 737 356 779 asimbruinis
394 736 552 774 collibus
590 735 774 774 deductos
809 734 893 772 urbi
927 735 1058 772 intulit.
1115 747 1160 772 ac
1198 747 1315 772 novas
1349 735 1440 772 litte-

133 814 257 840 rarum
283 801 422 839 formas
447 801 590 838 addidit
619 801 871 850 vulgavitque,
903 807 1102 850 comperto
1129 799 1319 838 Graecam
1348 812 1442 850 quo-

133 879 206 916 que
226 866 470 904 litteraturam
491 878 570 903 non
590 866 699 903 simul
721 873 897 916 coeptam
921 865 1223 915 absolutamque.

186 935 247 970 14.
278 930 393 968 Primi
422 943 488 980 per
516 931 656 979 figuras
686 931 907 969 animalium
938 930 1116 980 Aegyptii
1146 942 1279 968 sensus
1309 930 1443 967 mentis

134 996 465 1044 effingebant—ea
485 996 747 1045 antiquissima
766 997 1003 1034 monimenta
1029 995 1235 1032 memoriae
1254 995 1443 1032 humanae

134 1061 304 1110 inpressa
341 1061 441 1098 saxis
479 1066 788 1105 cernuntur,—et
826 1060 1032 1098 litterarum
1072 1066 1190 1097 semet
1231 1060 1444 1097 inventores

134 1125 350 1176 perhibent3
380 1125 466 1163 inde
488 1125 710 1170 Phoenicas,
732 1125 822 1175 quia
841 1125 936 1163 mari
957 1124 1256 1174 praepollebant,
1278 1124 1443 1162 intulisse

135 1189 319 1228 Graeciae
357 1189 593 1239 gloriamque
633 1189 802 1238 adeptos,
846 1197 1040 1240 tamquam
1078 1190 1310 1239 reppererint
1347 1201 1445 1238 quae

94 1261 116 1291 2
135 1261 372 1304 acceperant.
429 1255 570 1304 quippe
604 1254 707 1291 fama
737 1260 793 1292 est
828 1254 1020 1292 Cadmum
1057 1254 1176 1292 classe
1210 1253 1444 1292 Phoenicum

136 1327 287 1357 vectum
342 1318 496 1356 rudibus
549 1318 674 1356 adhuc
725 1318 964 1357 Graecorum
1020 1318 1169 1368 populis
1225 1319 1313 1356 artis
1364 1320 1444 1356 eius

96 1392 118 1421 3
137 1390 328 1423 auctorem
387 1383 510 1421 fuisse.
581 1383 734 1434 quidam
791 1383 1003 1433 Cecropem
1060 1383 1331 1422 Atheniensem
1387 1384 1444 1421 vel

138 1448 277 1486 Linum
324 1447 554 1486 Thebanum
601 1456 637 1486 et
687 1449 920 1498 temporibus
973 1448 1151 1486 Troianis
1198 1447 1443 1486 Palamedem

137 1513 319 1562 Argivum
348 1520 563 1550 memorant
596 1512 760 1551 sedecim
797 1513 1003 1550 litterarum
1042 1513 1194 1559 formas,
1228 1524 1320 1551 mox
1351 1513 1445 1550 alios

96 1585 182 1615 4ac
211 1578 457 1627 praecipuum
489 1576 713 1614 Simoniden
746 1583 891 1615 ceteras
925 1577 1147 1626 repperisse.
1204 1582 1242 1613 at
1270 1577 1308 1613 in
1338 1577 1445 1614 Italia

138 1642 286 1679 Etrusci
330 1642 378 1678 ab
421 1640 618 1678 Corinthio
663 1641 880 1687 Demarato,
924 1641 1152 1690 Aborigines
1199 1641 1348 1679 Arcade
1395 1641 1444 1678 ab

139 1705 321 1743 Evandro
354 1705 583 1752 didicerunt;
631 1712 668 1743 et
700 1705 822 1744 forma
855 1706 984 1743 litteris
1016 1705 1161 1743 Latinis
1198 1717 1295 1754 quae
1325 1712 1444 1743 veter-

1464 813 1503 834 10

1465 1134 1501 1166 15

1465 1461 1504 1482 20

141 1770 244 1808 rimis
262 1769 510 1807 Graecorum.
566 1770 633 1807 sed
656 1771 767 1808 nobis
792 1782 944 1820 quoque
970 1782 1114 1820 paucae
1140 1770 1304 1819 primum
1330 1772 1442 1816 suere,
1465 1782 1502 1814 ²5

99 1842 122 1871 5
141 1834 276 1872 deinde
309 1834 458 1872 additae
497 1842 594 1871 sunt.
651 1847 728 1884 quo
765 1835 941 1884 exemplo
975 1834 1157 1872 Claudius
1190 1842 1264 1872 tres
1304 1835 1445 1873 litteras

140 1899 287 1946 adiecit,
327 1910 423 1948 quae
460 1899 544 1936 usui
586 1899 823 1948 imperitante
869 1911 928 1945 eo,
970 1906 1056 1948 post
1099 1899 1342 1944 oblitteratae,
1387 1912 1443 1937 as-

140 1963 326 2012 piciuntur
363 1963 474 2000 etiam
513 1975 613 2001 nunc
651 1964 690 2000 in
727 1975 812 2001 aere
850 1963 1107 2012 publico†dis
1139 1963 1340 2012 plebiscitis
1378 1976 1446 2013 per

140 2027 221 2066 fora
239 2040 283 2065 ac
302 2027 442 2077 templa
462 2027 552 2065 fixo.

194 2096 256 2130 15.
285 2090 441 2128 Rettulit
460 2091 597 2129 deinde
617 2090 665 2128 ad
686 2097 858 2129 senatum
880 2103 994 2140 super
1008 2091 1168 2140 collegio
1187 2090 1440 2141 haruspicum,
1463 2102 1504 2133 30

142 2167 190 2192 ne
217 2154 466 2192 vetustissima
494 2154 624 2192 Italiae
648 2154 843 2204 disciplina
872 2166 939 2203 per
969 2154 1154 2192 desidiam
1190 2155 1441 2203 exolesceret;

143 2230 255 2267 saepe
291 2217 455 2255 adversis
492 2218 544 2255 rei
585 2218 757 2267 publicae
800 2219 1038 2267 temporibus
1081 2219 1234 2264 accitos,
1280 2232 1442 2269 quorum

142 2282 289 2320 monitu
332 2281 602 2330 redintegratas
643 2282 889 2320 caerimonias
927 2291 964 2320 et
999 2283 1039 2319 in
1076 2290 1268 2332 posterum
1307 2285 1442 2322 rectius

747 2346 775 2373 Η
799 2346 817 2370 2
