1643 2655
491 82 729 115 CORNELI!
757 84 927 116 TAClTJ
952 85 1226 116 ANNALIUM
1287 77 1425 131 [A.u.c.
1451 88 1520 128 784·

729 379 890 416 LIBER
928 380 998 420 VL

261 509 313 544 V.
340 512 366 545 6
394 506 477 557 (VI.
506 504 543 557 1)
548 535 711 546 .....
755 506 945 553 Quattuor
978 513 1014 544 et
1048 507 1299 557 quadraginta
1331 508 1522 546 orationes

208 582 322 620 super
349 584 394 608 ea
422 584 461 608 re
490 572 650 617 habitae,
672 584 718 609 ex
747 572 832 621 quis
861 572 912 609 ob
941 578 1084 609 metum
1114 584 1268 621 paucae,
1300 572 1426 621 plures
1454 572 1520 610 ad-

208 636 405 673 suetudine
435 664 442 672 .
474 665 481 674 .
513 665 521 674 .
554 636 670 673 ‘mihi
706 636 892 685 pudorem
926 644 989 674 aut
1025 635 1163 674 Seiano
1202 636 1380 674 invidiam
1418 636 1520 674 adla-

206 705 332 737 turum
353 701 496 738 censui.
534 713 641 738 versa
661 707 717 739 est
738 701 899 746 fortuna,
921 708 956 738 et
977 701 1036 739 ille
1057 701 1224 751 quidem,
1250 701 1314 750 qui
1334 701 1521 750 collegam
1539 709 1560 737 2

170 778 188 810 5
207 770 244 802 et
273 777 456 813 generum
487 765 703 812 adsciverat,
736 766 806 803 sibi
839 766 1023 815 ignoscit:
1054 767 1177 812 ceteri,
1213 778 1330 815 quem
1363 778 1430 815 per
1459 765 1520 803 de-

206 829 345 866 decora
383 829 520 876 fovere,
562 842 649 868 cum
688 830 828 868 scelere
866 832 1106 868 insectantur.
1176 831 1346 868 miserius
1385 831 1432 867 sit
1468 830 1558 868 ob3

207 894 411 931 amicitiam
440 895 611 932 accusari
641 907 687 932 an
719 895 883 933 amicum
913 908 1101 941 accusare,
1138 895 1240 932 haud
1269 894 1520 932 discreverim.

205 971 283 996 non
313 959 585 1005 crudelitatem,
607 971 685 997 non
715 960 954 998 clementiam
985 961 1212 1009 cuiusquam
1241 959 1422 1009 experiar,
1452 959 1559 998 sed4

204 1023 299 1061 liber
326 1030 363 1060 et
389 1023 483 1060 mihi
509 1024 579 1073 ipsi
608 1025 789 1073 probatus
817 1026 947 1063 antibo
977 1025 1199 1075 periculum.
1255 1036 1323 1061 vos
1351 1025 1520 1062 obtestor
1537 1033 1558 1062 5

150 1103 187 1125 ιο
204 1101 252 1126 ne
287 1089 514 1126 memoriam
548 1089 667 1126 nostri
698 1102 766 1138 per
796 1102 1008 1128 maerorem
1039 1102 1156 1139 quam
1194 1089 1279 1127 laeti
1318 1089 1517 1137 retineatis,

202 1154 404 1192 adiciendo
441 1166 503 1192 me
541 1166 695 1206 quoque
734 1155 778 1192 iis
815 1156 881 1204 qui
919 1155 993 1193 fine
1032 1156 1187 1204 egregio
1224 1154 1378 1204 publiea
1418 1154 1519 1192 mala

200 1217 440 1267 effugerunt?

255 1286 307 1320 V.
328 1288 352 1322 7
374 1282 457 1334 (VI.
480 1284 530 1333 2).
562 1283 677 1322 Tunc
706 1284 887 1334 singulos,
917 1290 959 1323 ut
984 1286 1119 1335 cuique
1148 1284 1339 1331 adsistere,
1363 1283 1519 1334 adloqui

203 1349 353 1386 animus
385 1355 476 1394 erat,
507 1349 671 1386 retinens
703 1357 767 1387 aut
795 1350 987 1388 dimittens
1018 1357 1166 1400 partem
1196 1349 1268 1387 diei
1296 1350 1518 1399 absumpsit,

150 1427 185 1459 ¹5
203 1413 398 1462 multoque
429 1413 552 1451 adhuc
584 1421 698 1452 coetu
737 1421 774 1452 et
811 1416 957 1453 cunctis
996 1414 1226 1464 intrepidum
1258 1415 1404 1452 vultum
1438 1414 1518 1452 eius

203 1478 472 1527 spectantibus,
513 1490 601 1516 cum
636 1491 835 1528 superesse
869 1486 1020 1529 tempus
1059 1479 1273 1517 novissimis
1310 1479 1518 1524 crederent,

203 1541 330 1592 gladio
362 1554 477 1592 quem
511 1543 596 1580 sinu
627 1544 823 1582 abdiderat
856 1544 1036 1582 incubuit.
1105 1555 1231 1593 neque
1264 1543 1407 1581 Caesar
1434 1544 1557 1582 ullis2

203 1607 423 1645 criminibus
461 1614 524 1645 aut
562 1609 710 1657 probris
750 1609 971 1647 defunctum
1009 1609 1213 1647 insectatus
1251 1614 1319 1654 est,
1353 1620 1442 1646 cum
1479 1608 1518 1646 in

204 1671 383 1709 Blaesum
411 1672 530 1710 multa
557 1672 746 1723 foedaque
776 1674 1031 1711 incusavisset.

148 1753 188 1775 20
256 1739 307 1774 V.
330 1741 356 1775 8
379 1735 462 1788 (VI.
486 1735 536 1787 3).
568 1737 745 1776 Relatum
778 1739 866 1776 inde
900 1739 948 1777 de
982 1738 1023 1775 P.
1052 1738 1205 1776 Vitellio
1236 1745 1274 1775 et
1302 1737 1518 1787 Pomponio

206 1801 395 1839 Secundo.
453 1801 558 1838 illum
577 1802 721 1840 indices
751 1803 961 1852 arguebant
981 1803 1144 1840 claustra
1163 1803 1307 1849 aerarii,
1329 1803 1389 1840 cui
1408 1814 1517 1852 prae-

204 1867 323 1904 fectus
355 1872 444 1912 erat,
478 1873 514 1903 et
544 1866 742 1904 militarem
780 1868 983 1916 pecuniam
1022 1868 1135 1905 rebus
1171 1867 1279 1905 novis
1313 1867 1516 1914 obtulisse,

204 1931 292 1968 huic
330 1943 352 1968 a
390 1930 574 1968 Considio
612 1938 786 1980 praetura
823 1931 954 1969 functo
989 1931 1250 1969 obiectabatur
1287 1931 1386 1968 Aelii
1416 1931 1518 1970 Galli

204 1996 378 2040 amicitia,
400 1995 465 2044 qui
483 1995 617 2044 punito
646 1995 785 2033 Seiano
805 1996 843 2032 in
872 1996 1002 2033 hortos
1030 1995 1235 2044 Pomponii
1255 1996 1363 2045 quasi
1382 1996 1517 2033 fidissi-

148 2076 185 2107 25
204 2072 312 2097 mum
343 2060 391 2097 ad
420 2059 629 2097 subsidium
658 2059 893 2109 perfugisset.
950 2072 1075 2109 neque
1101 2059 1201 2097 aliud
1221 2060 1555 2108 periclitantibus2

204 2125 331 2162 auxilii
360 2136 476 2174 quam
505 2124 544 2161 in
567 2124 723 2161 fratrum
751 2124 962 2162 constantia
990 2124 1068 2169 fuit,
1095 2124 1159 2173 qui
1188 2124 1304 2162 vades
1331 2125 1516 2162 exstitere.

205 2202 296 2227 mox
331 2189 470 2227 crebris
502 2189 777 2238 prolationibus
812 2201 919 2238 spern
950 2201 993 2226 ac
1027 2195 1172 2226 metum
1204 2189 1309 2227 iuxta
1341 2195 1555 2238 gravatusa

204 2252 377 2291 Vitellius
401 2253 517 2302 petito
540 2264 606 2302 per
635 2253 800 2302 speciem
831 2253 1040 2291 studiorum
1071 2253 1220 2302 scalpro
1250 2253 1371 2291 levem
1400 2253 1517 2292 ictum
