1634 2640
103 104 182 132 Μ).
204 88 277 144 5ο.]
453 96 606 129 LIBER
634 96 721 129 ml.
783 96 883 128 CAP.
916 101 1056 139 37-40-

101 201 237 250 cuique
264 212 345 238 sors
372 207 435 237 aut
461 200 587 243 virtus,
613 207 753 236 temere
780 199 940 248 proviso,
964 201 1014 237 ob
1041 201 1133 236 iram
1161 203 1211 238 ob
1233 202 1420 250 praedam,

100 265 202 302 iussu
233 273 270 302 et
300 264 506 314 aliquando
546 264 682 312 ignaris
721 263 892 307 ducibus,
932 275 976 300 ac
1017 265 1219 312 praecipua
1260 265 1420 302 Silurum

55 330 318 379 4pervicacia.
380 341 478 379 quos
517 328 750 366 accendebat
790 328 940 377 vulgata
980 329 1216 377 imperatoris
1257 328 1421 366 Romani

97 405 184 439 vox,
215 401 256 432 ut
284 394 483 443 quondam
524 393 727 442 Sugambri
765 393 879 430 excisi
919 400 982 430 aut
1022 394 1060 429 in
1101 392 1242 430 Gallias
1280 394 1420 430 traiecti

55 457 231 504 osorem,
270 459 319 496 ita
360 458 526 496 Silurum
568 469 709 496 nomen
759 457 906 506 penitus
941 457 1253 506 extinguendum.
1311 458 1458 505 igitur5

96 522 191 560 duas
237 523 436 561 auxiliares
483 522 660 561 cohortes
708 522 860 560 avaritia
906 521 1186 571 praefectorum
1234 522 1421 559 incautius

95 587 321 636 populantes
368 588 622 636 intercepere;
678 587 876 636 spoliaque
923 594 959 624 et
1008 587 1177 635 captivos
1225 586 1421 635 largiendo

95 658 240 689 ceteras
287 663 443 702 quoque
482 652 655 690 nationes
693 651 742 688 ad
790 650 1044 688 defectionem
1084 651 1294 697 trahebant,
1333 662 1420 688 cum

94 715 222 753 taedio
247 728 423 753 curarum
452 716 572 754 fessus
593 716 770 755 Ostorius
798 716 985 753 concessit
1006 716 1091 760 vita,
1113 715 1218 753 laetis
1239 716 1418 760 hostibus,

96 787 293 830 tamquam
324 781 461 818 ducem
499 781 601 818 haud
635 780 891 830 spernendum
925 780 995 817 etsi
1030 791 1109 817 non
1144 780 1341 829 proelium,
1382 787 1479 817 atro

94 850 195 882 certe
225 845 366 882 bellum
395 846 682 895 absumpsisset.

146 913 219 947 40.
249 909 301 947 At
333 909 474 948 Caesar
512 911 664 960 cognita
701 915 825 948 morte
865 910 989 960 legati,
1020 922 1069 948 ne
1107 910 1302 959 provincia
1339 910 1419 947 sine

93 980 240 1011 rectore
279 973 386 1019 foret,
416 975 462 1012 A.
494 974 650 1012 Didium
687 975 845 1013 suffecit.
902 976 933 1012 is
969 987 1131 1024 propere
1170 982 1301 1012 vectus
1340 987 1419 1012 non

93 1044 223 1075 tamen
251 1039 418 1087 integras
447 1051 505 1076 res
534 1040 684 1086 invenit,
717 1040 874 1077 adversa
903 1040 1053 1077 interim
1083 1039 1244 1088 legionis
1273 1051 1414 1088 pugna,

92 1102 153 1140 cui
180 1101 351 1140 Manlius
379 1103 522 1141 Valens
550 1111 732 1153 praeerat,
762 1111 948 1154 auctaque
981 1110 1017 1141 et
1047 1104 1150 1153 apud
1180 1103 1309 1141 hostes
1338 1104 1416 1141 eius
1438 1115 1475 1147 15

94 1167 147 1204 rei
166 1166 278 1214 fama,
294 1179 372 1217 quo
389 1168 601 1205 venientem
615 1169 754 1206 ducem
775 1175 1017 1213 exterrerent,
1037 1176 1147 1217 atque
1169 1168 1232 1205 illo
1254 1175 1416 1216 augente

92 1231 232 1277 audita,
248 1238 288 1268 ut
308 1232 428 1270 maior
443 1232 524 1269 laus
545 1233 749 1282 compositi
766 1233 834 1278 vel,
852 1233 882 1269 si
901 1233 1148 1277 duravissent,
1164 1232 1272 1269 venia
1286 1233 1417 1269 iustior

51 1301 74 1330 2
93 1296 325 1334 tribueretur.
385 1295 523 1334 Silures
553 1297 591 1334 id
619 1308 772 1345 quoque
811 1297 996 1334 damnum
1034 1297 1237 1334 intulerant
1265 1297 1416 1345 lateque

51 1360 359 1409 apersultabant‚
399 1352 522 1399 donec
560 1362 724 1399 adcursu
762 1361 865 1398 Didii
904 1361 1144 1410 pellerentur.
1219 1360 1286 1397 sed
1324 1368 1411 1409 post

90 1432 244 1474 captum
264 1424 492 1463 Caratacum
511 1427 738 1475 praecipuus
759 1427 917 1464 scientia
943 1427 997 1464 rei
1023 1425 1194 1463 militaris
1215 1424 1413 1470 Venutius,
1435 1436 1475 1458 20

90 1500 112 1526 e
140 1488 366 1538 Brigantum
399 1490 560 1536 civitate,
590 1497 631 1528 ut
669 1502 783 1539 supra
822 1490 1041 1535 memoravi,
1071 1489 1244 1538 fidusque
1279 1489 1343 1525 diu
1379 1495 1415 1526 et

92 1552 282 1591 Romania
335 1554 450 1592 armis
503 1554 691 1599 defensus,
741 1566 829 1592 cum
884 1553 1199 1592 Cartimanduam
1245 1553 1416 1602 reginam

90 1618 333 1656 matrimonio
369 1625 534 1664 teneret;
582 1631 674 1656 mox
722 1625 806 1656 orto
854 1619 1014 1656 discidio
1060 1625 1097 1656 et
1144 1618 1269 1656 statim
1316 1617 1415 1654 bello

48 1683 205 1720 *tetiam
242 1683 418 1720 adversus
456 1695 528 1721 nos
561 1683 709 1721 hostilia
757 1684 937 1721 induerat.
996 1683 1062 1721 sed
1109 1683 1233 1732 primo
1266 1689 1414 1719 tanturn

89 1747 186 1784 inter
213 1747 318 1796 ipsos
346 1748 568 1792 certabatur,
609 1748 828 1797 callidisque
866 1746 1140 1785 Cartimandua
1177 1748 1317 1785 artibus
1344 1746 1415 1784 fra·
1435 1757 1472 1790 ²5

49 1816 73 1846 5
90 1818 185 1848 trem
212 1823 257 1849 ac
276 1812 512 1860 propinquos
534 1812 687 1849 Venutii
718 1813 924 1861 intercepit.
977 1813 1066 1850 inde
1096 1812 1246 1850 accensi
1275 1811 1414 1857 hostes,

89 1875 306 1913 stimulante
353 1876 574 1924 ignominia,
623 1888 671 1914 ne
725 1876 885 1914 feminae
937 1877 1098 1926 imperio
1153 1876 1414 1922 subderentur,

89 1939 213 1977 valida
257 1945 294 1976 et
341 1939 438 1977 lecta
483 1941 598 1977 armis
651 1941 824 1979 iuventus
878 1952 1039 1990 regnum
1088 1941 1168 1978 eius
1220 1940 1413 1977 invadunt.

48 2003 195 2053 equod
240 2003 352 2041 nobis
394 2005 620 2052 praevisum,
662 2011 699 2042 et
736 2005 875 2042 missae
924 2005 1065 2042 auxilio
1113 2004 1288 2041 cohortes
1328 2016 1414 2041 acre

89 2068 275 2117 proelium
323 2067 456 2114 fecere,
497 2069 604 2106 cuius
652 2069 760 2106 initio
807 2069 987 2118 ambiguo
1026 2068 1110 2106 finis
1159 2068 1291 2105 laetior
1334 2067 1412 2106 fuit.
1433 2078 1474 2108 30

50 2137 215 2182 'lneque
263 2132 403 2181 dispari
449 2139 586 2170 eventu
632 2139 846 2182 pugnatum
885 2146 907 2171 a
949 2133 1113 2182 legione,
1152 2133 1211 2170 cui
1254 2132 1414 2170 Caesius

91 2196 231 2234 Nasica
276 2202 470 2245 praeerat;
517 2209 606 2234 nam
650 2196 796 2242 Didius,
835 2204 1023 2235 senectute
1061 2197 1186 2246 gravis
1223 2203 1260 2234 et
1297 2197 1413 2234 multa

91 2261 205 2310 copia
251 2261 455 2304 honorum,
493 2273 560 2310 per
607 2261 800 2299 ministros
847 2273 959 2311 agere
1006 2269 1043 2299 et
1090 2273 1216 2299 arcere
1264 2261 1411 2299 hostem

181 2334 245 2357 mo
1284 2334 1311 2361 x
