1643 2655
476 108 713 140 CORNELII
744 108 802 140 TA
812 107 914 139 clTl
941 107 1219 140 ANNALJUM
1271 99 1411 154 [auc.
1432 110 1509 148 803.

187 219 323 257 ortum,
362 211 531 261 pluribus
569 212 745 261 gentibus
784 212 1063 261 imperitantem
1101 211 1254 250 foedere
1292 213 1332 249 in
1370 223 1508 262 pacem

187 279 371 328 accipere.
428 289 609 328 praesens
649 289 731 316 sors
770 290 855 315 mea
892 284 933 315 ut
976 277 1069 314 mihi
1114 277 1299 324 informis,
1344 278 1397 316 sic
1440 276 1548 314 tibia

188 343 389 393 magnifica
412 350 477 381 est.
533 343 649 381 habui
675 355 797 392 equos
824 344 932 388 viros,
961 355 1067 380 arma
1094 354 1207 392 opes:
1239 343 1331 393 quid
1355 343 1506 387 mirum,

189 409 218 446 si
237 408 332 446 haec
359 408 495 447 invitus
522 409 657 446 amisi?
687 420 777 445 nam
804 408 833 445 si
855 419 922 445 vos
941 408 1122 446 omnibus
1149 408 1365 457 imperitare
1387 407 1506 453 vultis,
1527 414 1548 444 3

152 485 170 516 5
190 474 353 522 sequitur
386 479 426 510 ut
461 485 595 510 omnes
630 472 844 510 servitutem
884 472 1100 521 accipiant?
1139 472 1170 509 si
1204 472 1331 510 statim
1363 471 1551 509 deditus4

188 538 363 583 traherer,
395 550 518 587 neque
547 549 633 575 mea
662 537 812 575 fortuna
845 549 970 586 neque
1005 544 1069 574 tua
1097 537 1220 586 gloria
1249 537 1510 585 inclaruisset3

189 611 225 641 et
271 603 497 652 supplicium
537 603 610 640 mei
659 602 798 640 oblivio
839 609 1082 651 sequeretur:
1131 610 1169 640 at
1207 602 1238 640 si
1275 602 1510 640 incolumem

189 669 402 714 servaveris,
424 675 618 706 aeternum
640 668 833 717 exemplar
853 668 1077 705 clementiae
1098 667 1186 706 er0.’
1236 667 1284 704 ad
1303 679 1349 704 ea
1369 667 1511 705 Caesar
1529 673 1552 702 5

188 735 338 771 veniam
375 734 521 783 ipsique
560 740 595 771 et
634 733 787 782 coniugi
825 740 861 769 et
899 732 1074 770 fratribus
1113 733 1250 770 tribuit.
1309 739 1421 780 atque
1460 731 1511 768 illi

134 811 172 833 10
189 799 320 836 vinclis
377 798 542 836 absoluti
589 798 843 847 Agrippinam
897 809 1061 847 quoque,
1109 797 1210 834 haud
1257 797 1390 846 procul
1437 796 1510 834 alio

189 871 370 913 suggestu
416 864 674 912 conspicuam,
724 862 845 900 isdem
893 862 1031 912 quibus
1078 862 1289 912 principem
1335 861 1510 898 laudibus

189 930 432 978 gratibusque
451 929 618 966 venerati
646 934 743 965 sunt.
802 939 942 964 novum
964 939 1056 964 sane
1082 934 1118 964 et
1144 927 1317 964 moribus
1342 932 1510 963 veterum
1527 931 1552 961 6

190 994 393 1039 insolitum,
425 993 605 1030 feminam
635 993 752 1042 signis
786 991 972 1030 Romanis
1006 991 1242 1041 praesidere:
1282 992 1364 1041 ipsa
1391 997 1512 1029 semet

190 1059 284 1108 parti
313 1070 335 1094 a
363 1058 570 1095 maioribus
598 1057 674 1094 suis
703 1057 849 1106 imperii
879 1057 1022 1094 sociam
1053 1056 1206 1094 ferebat.

134 1136 172 1167 15
245 1127 312 1161 38.
342 1122 479 1160 Vocati
526 1122 684 1172 posthac
731 1128 857 1171 patres
895 1122 1014 1159 multa
1061 1129 1098 1159 et
1147 1121 1351 1172 magnifica
1397 1132 1511 1171 super

191 1189 402 1238 captivitate
423 1187 595 1225 Carataci
615 1187 836 1233 disseruere,
858 1199 983 1236 neque
1004 1187 1130 1224 minus
1156 1187 1194 1224 id
1220 1186 1366 1224 clarum
1392 1197 1508 1236 quam

192 1253 296 1303 quod
325 1252 541 1302 Syphacem
569 1251 610 1289 P.
641 1251 780 1300 Scipio,
810 1251 951 1289 Persen
979 1250 1022 1289 L.
1050 1251 1201 1298 Paulus,
1229 1258 1266 1289 et
1295 1251 1325 1289 si
1353 1251 1419 1300 qui
1447 1250 1509 1287 alii

191 1319 337 1355 vinctos
355 1329 465 1367 reges
492 1317 633 1366 populo
661 1316 841 1354 Romano
861 1316 1072 1354 ostendere.
1130 1323 1335 1354 censentur
1355 1315 1510 1354 Ostorio
1528 1319 1551 1348 2

191 1382 369 1433 triumphi
395 1383 568 1432 insignia,
589 1382 781 1431 prosperis
808 1381 856 1418 ad
883 1381 921 1418 id
947 1382 1059 1418 rebus
1079 1382 1169 1427 eius,
1191 1393 1282 1418 mox
1310 1380 1511 1429 ambiguis,

134 1465 174 1487 20
192 1449 268 1486 sive
297 1455 426 1486 amoto
455 1446 652 1492 Carataco,
684 1446 790 1496 quasi
819 1446 1048 1484 debellatum
1078 1446 1185 1492 foret,
1214 1446 1340 1483 minus
1368 1446 1513 1482 intenta

192 1514 293 1563 apud
330 1525 400 1551 nos
437 1514 565 1551 militia
603 1513 680 1560 fuit,
721 1514 797 1551 sive
835 1512 965 1551 hostes
1002 1513 1245 1550 miseratione
1283 1512 1377 1550 tanti
1415 1512 1512 1561 regis

191 1579 312 1616 acrius
359 1578 408 1616 ad
452 1579 635 1616 ultionem
681 1590 866 1616 exarsere.
935 1577 1168 1627 praefectum
1215 1584 1423 1615 castrorum
1475 1583 1550 1614 et3

191 1644 416 1691 legionarias
446 1643 621 1682 cohortes
650 1642 888 1680 exstruendis
918 1642 1020 1692 apud
1051 1642 1191 1680 Siluras
1221 1642 1420 1691 praesidiis
1449 1654 1507 1678 re-

192 1708 295 1745 lictas
315 1708 632 1746 circumfundunt.
688 1720 731 1746 ac
752 1708 790 1744 ni
811 1708 884 1745 cito
906 1708 1044 1745 nuntiis
1063 1720 1110 1745 ex
1139 1707 1300 1745 castellis
1328 1706 1511 1756 proximis
1526 1712 1553 1743 4

136 1784 174 1815 25
193 1773 417 1809 subventum
445 1772 540 1810 foret
568 1773 764 1822 copiarum
793 1772 951 1817 obsidio,
981 1772 1179 1810 occidione
1209 1771 1510 1810 obcubuissent:

192 1836 403 1887 praefectus
450 1844 578 1874 tamen
616 1844 653 1874 et
686 1843 778 1874 octo
827 1837 1067 1874 centuriones
1115 1849 1158 1874 ac
1205 1835 1510 1885 promptissimus

193 1903 354 1951 quisque
388 1915 408 1940 e
442 1902 644 1951 manipulis
679 1902 860 1940 cecidere.
917 1913 988 1939 nec
1019 1901 1139 1938 multo
1173 1908 1260 1950 post
1294 1900 1549 1949 pabulantisf·

193 1972 344 2003 nostros
364 1966 574 2015 missasque
595 1965 644 2003 ad
665 1965 875 2003 subsidium
904 1972 1046 2002 turmas
1076 1964 1293 2013 profligant.

247 2035 318 2068 39.
348 2030 454 2067 Tum
482 2030 656 2068 Ostorius
677 2030 854 2068 cohortes
875 2030 1072 2078 expeditas
1099 2030 1302 2079 opposuit:
1332 2041 1403 2066 nec
1422 2028 1510 2066 ideo

135 2108 177 2139 30
194 2095 322 2144 sugam
361 2096 525 2141 sistebat,
564 2095 603 2131 ni
642 2095 811 2143 legiones
848 2094 1035 2143 proelium
1073 2094 1334 2143 excepissent:
1376 2105 1509 2131 earum

194 2161 331 2197 robore
350 2167 509 2209 aequata
528 2171 667 2209 pugna,
690 2155 778 2196 dein
798 2159 908 2196 nobis
928 2170 998 2208 pro
1024 2158 1179 2196 meliore
1206 2158 1284 2195 fuit.
1341 2157 1508 2206 effugere
1525 2166 1549 2196 2

197 2224 322 2261 hostes
342 2224 445 2261 tenui
461 2224 614 2269 damno,
632 2224 720 2273 quia
739 2223 945 2260 inclinabat
964 2223 1055 2260 dies.
1093 2224 1226 2261 crebra
1244 2223 1333 2261 hinc
1351 2222 1506 2272 proelia,
1525 2230 1548 2260 3

196 2296 233 2326 et
260 2289 410 2338 saepius
440 2289 478 2324 in
511 2288 668 2325 modum
701 2288 886 2325 latrocinii
920 2299 988 2336 per
1022 2287 1139 2325 saltus
1173 2299 1240 2336 per
1268 2286 1436 2337 paludes
1467 2293 1508 2324 ut
