1643 2655
471 121 707 154 CORNELII
738 120 910 154 TACJTJ
931 121 1207 154 ANNALJUM
1259 112 1399 166 [mue.
1419 121 1493 153 800.

179 231 393 275 pontusque
426 225 582 275 regiam,
617 238 685 274 per
713 225 907 263 saevitiam
937 236 980 262 ac
1010 224 1142 261 luxum
1174 224 1297 273 adegit
1332 222 1492 262 Parthos
1511 229 1535 258 Β

179 292 327 328 mittere
356 290 405 328 ad
433 291 643 340 principem
674 290 894 328 Romanum
924 289 1092 328 occultas
1122 301 1263 339 preces,
1294 290 1379 339 quis
1407 301 1492 338 per-

179 356 277 394 mitti
307 355 557 394 Meherdaten
587 356 752 405 patrium
783 356 831 392 ad
860 355 1050 403 fastigium
1080 356 1253 392 orabant.

233 424 287 459 11.
317 421 447 459 Isdem
475 421 694 459 consulibus
725 421 803 458 ludi
834 420 1044 458 saeculares
1069 420 1384 469 octingentesimo
1407 426 1494 469 post

143 500 161 531 5
181 485 348 524 Romam
380 486 586 532 conditam,
619 492 755 535 quarto
784 492 821 522 et
851 485 1119 534 sexagensimo
1153 496 1269 535 quam
1298 484 1494 533 Augustus

178 551 344 589 ediderat
371 552 528 601 spectati
555 558 652 588 sunt.
710 551 906 599 utriusque
932 551 1113 599 principis
1143 551 1308 588 rationes
1327 556 1492 599 praeter—
1511 555 1534 584 2

178 618 297 662 mitto,
329 617 418 654 satis
447 623 616 654 narratas
640 616 743 653 libris
770 616 907 664 quibus
933 627 990 652 res
1018 616 1254 664 imperatoris
1283 615 1494 652 Domitiani

177 681 388 730 composui.
448 693 537 718 nam
572 682 603 718 is
642 693 797 730 quoque
830 680 947 718 edidit
980 680 1091 717 ludos
1130 680 1342 718 saeculares
1374 680 1534 729 iisques

176 746 356 784 intentius
382 745 484 783 adfui
517 746 731 784 sacerdotio
762 746 1082 794 quindecimvirali
1113 746 1306 794 praeditus
1333 758 1377 783 ac
1402 752 1492 781 tunc

122 822 161 844 ιο
176 817 337 860 praetor,
366 811 470 860 quod
499 823 577 848 non
607 810 785 848 iactantia
815 809 946 854 refero,
977 810 1043 848 sed
1074 811 1162 859 quia
1192 810 1354 858 collegio
1383 809 1493 858 quin·
1512 816 1537 844 4

177 877 422 915 decimvirum
453 877 659 926 antiquitus
690 888 735 914 ea
769 888 858 913 cura
899 881 935 913 et
973 876 1216 924 magistratus
1254 876 1492 925 potissimum

175 942 480 990 exsequebantur
533 941 659 978 officia
713 940 1043 978 caerimoniarum.
1128 940 1284 978 sedente
1332 939 1532 977 Claudio5

176 1006 407 1043 circensibus
435 1005 545 1051 ludis,
577 1016 664 1042 cum
694 1005 799 1053 pueri
828 1004 976 1042 nobiles
1004 1005 1113 1054 equis
1139 1005 1326 1043 ludicrum
1352 1004 1494 1042 Troiae

175 1070 311 1107 inirent
348 1070 519 1119 interque
558 1081 624 1107 eos
664 1068 905 1106 Britannicus
944 1069 1173 1118 imperatore
1205 1070 1354 1119 genitus
1382 1075 1419 1106 et
1447 1068 1493 1107 L.

120 1144 158 1176 15
176 1135 367 1173 Domitius
409 1135 614 1184 adoptione
657 1146 750 1171 mox
795 1134 834 1170 in
877 1134 1065 1183 inperium
1111 1141 1148 1171 et
1193 1140 1495 1183 cognomentum

178 1199 343 1237 Neronis
385 1199 561 1246 adscitus,
610 1199 716 1237 favor
760 1198 881 1248 plebis
919 1199 1038 1236 acrior
1080 1199 1120 1236 in
1158 1198 1372 1237 Domitium
1409 1199 1495 1237 loco

177 1265 362 1315 praesagii
411 1270 590 1314 acceptus
634 1270 699 1302 est.
757 1264 1055 1314 vulgabaturque
1104 1265 1269 1303 adfuisse
1313 1264 1536 1302 infantiaee

177 1331 257 1367 eius
294 1329 480 1367 dracones
518 1329 556 1366 in
595 1328 757 1366 modum
796 1329 1008 1374 custodum,
1047 1328 1222 1367 fabulosa
1259 1336 1296 1367 et
1329 1328 1494 1367 externis

176 1394 366 1433 miraculis
386 1393 622 1432 adsimilata:
652 1406 743 1432 nam
769 1394 860 1443 ipse,
883 1393 1181 1444 haudquaquam
1208 1395 1267 1432 sui
1295 1394 1492 1439 detractor,

121 1471 160 1493 20
177 1472 294 1497 unam
313 1460 472 1497 omnino
493 1471 659 1508 anguem
678 1460 718 1496 in
737 1458 913 1497 cubiculo
933 1459 1051 1496 visam
1071 1471 1224 1497 narrare
1244 1459 1376 1497 solitus
1396 1467 1463 1499 est.

230 1529 291 1562 12.
322 1524 467 1561 Verum
495 1524 690 1561 inclinatio
723 1524 855 1573 populi
885 1531 1076 1573 supererat
1104 1536 1152 1562 ex
1181 1525 1367 1562 memoria
1397 1524 1491 1564 Ger-

177 1589 326 1635 manici,
348 1590 454 1626 cuius
473 1589 536 1626 illa
555 1588 699 1638 reliqua
719 1588 871 1627 suboles
900 1589 1015 1626 virilis
1031 1601 1041 1635 ς
1072 1595 1108 1627 et
1127 1590 1236 1627 matri
1256 1589 1493 1640 Agrippinae

178 1654 369 1691 miseratio
396 1654 604 1703 augebatur
638 1655 688 1691 ob
717 1654 910 1691 saevitiam
941 1653 1182 1700 Messalinae,
1212 1666 1310 1703 quae
1340 1666 1493 1705 semper

178 1719 313 1757 infesta
347 1725 383 1755 et
412 1725 500 1756 tunc
530 1719 771 1764 commotior,
802 1730 880 1768 quo
914 1718 1041 1756 minus
1075 1725 1232 1756 strueret
1263 1719 1423 1757 crimina
1454 1727 1493 1758 et

122 1798 159 1829 25
180 1789 430 1828 accusatores,
469 1795 570 1821 novo
608 1788 645 1820 et
686 1783 801 1820 furori
848 1783 1023 1832 proximo
1061 1795 1190 1821 amore
1234 1784 1491 1822 distinebatur.

179 1860 269 1885 nam
299 1848 337 1885 in
372 1847 415 1885 C.
451 1848 593 1893 Silium,
627 1848 828 1885 iuventutis
863 1847 1064 1886 Romanae
1098 1848 1407 1897 pulcherrimum,
1442 1850 1531 1887 ita2

180 1917 379 1958 exarserat,
397 1920 438 1950 ut
459 1913 608 1950 Iuniam
631 1912 809 1960 Silanam,
833 1913 1001 1950 nobilem
1031 1913 1224 1959 feminam,
1248 1914 1491 1951 matrimonio

180 1979 261 2016 eius
289 1978 505 2015 exturbaret
533 1990 731 2027 vacuoque
760 1977 931 2014 adultero
962 1984 1165 2026 poteretur.
1222 1990 1347 2027 neque
1382 1978 1491 2016 Silius
1509 1986 1530 2015 3

180 2043 309 2092 flagitii
347 2050 411 2080 aut
448 2042 604 2092 periculi
642 2042 790 2079 nescius
828 2048 928 2079 erat:
975 2042 1042 2080 sed
1080 2049 1194 2088 certo,
1229 2042 1259 2079 si
1296 2043 1488 2089 abnueret,

123 2122 164 2153 30
181 2108 295 2145 exitio
328 2114 364 2145 et
401 2119 480 2144 non
517 2107 619 2144 nulla
657 2106 809 2144 fallendi
843 2118 919 2156 spe,
961 2107 1070 2144 simul
1112 2107 1262 2156 magnis
1299 2108 1487 2156 praemiis,

182 2173 347 2222 opperiri
387 2172 509 2210 futura
547 2179 583 2210 et
621 2172 883 2221 praesentibus
922 2171 993 2208 frui
1029 2183 1098 2221 pro
1136 2171 1276 2209 solacio
1314 2171 1489 2210 habebat.

182 2238 243 2275 illa
286 2250 364 2275 non
408 2238 546 2283 furtim,
595 2237 660 2274 sed
706 2237 827 2274 multo
869 2237 1051 2274 comitatu
1094 2237 1276 2274 ventitare
1317 2236 1530 2283 domum,4

180 2303 395 2352 egressibus
438 2301 717 2349 adhaerescere,
755 2301 880 2351 largiri
918 2314 1022 2352 opes,
1062 2302 1242 2349 honores,
1280 2309 1487 2352 postremo,
