1643 2655
438 100 674 132 CORNELII
707 100 874 132 TACJTJ
898 102 1172 133 ANNAHHM
1225 95 1365 147 [mne.
1388 104 1461 134 800.

147 210 323 252 coeptam
348 204 496 241 infensa
516 211 580 242 aut
599 205 697 242 male
723 205 809 249 fida,
831 205 926 242 datis
953 206 1150 243 obsidibus
1170 206 1342 244 consedit
1360 206 1462 256 apud

147 280 261 317 agros
289 281 312 305 a
340 268 562 307 Corbulone
592 269 823 319 descriptos:
861 270 964 307 idem
992 278 1177 317 senatum,
1207 271 1460 320 magistratus,

147 333 250 382 leges
271 333 447 383 inposuit.
505 347 548 372 ac
569 347 617 372 ne
637 335 738 372 iussa
767 342 958 380 exuerent,
981 335 1211 383 praesidium
1238 336 1462 381 immunivit,
1481 340 1503 370 3

146 399 272 436 missis
291 400 356 448 qui
376 400 538 437 maiores
566 399 745 438 Chaucos
771 400 820 437 ad
849 399 1079 438 deditionem
1108 401 1333 449 pellicerent,
1353 400 1464 439 simul

109 473 127 505 5
147 463 394 502 Gannascum
423 465 515 502 dolo
545 465 849 514 adgrederentur.
906 477 978 503 nec
1003 465 1136 503 inritae
1167 472 1230 503 aut
1258 466 1464 516 degeneres
1481 476 1505 505 4

146 529 304 567 insidiae
332 529 433 567 fuere
461 530 639 566 adversus
668 529 904 578 transfugam
932 537 969 567 et
994 531 1216 568 violatorem
1243 530 1339 568 fidei.
1397 529 1503 570 sed5

147 594 261 632 caede
296 594 375 631 eius
408 600 535 631 motae
571 593 815 631 Chaucorum
852 601 1013 640 mentes,
1047 601 1082 632 et
1113 594 1282 632 Corbulo
1320 595 1465 633 semina

147 659 361 697 rebellionis
403 661 620 710 praebebat,
661 667 703 697 ut
744 660 842 698 laeta
880 661 983 710 apud
1027 661 1240 711 plerosque,
1274 661 1325 699 ita
1362 660 1465 711 apud

146 725 334 774 quosdam
369 725 518 763 sinistra
553 725 664 762 sama.
723 737 789 763 cur
817 725 966 763 hostem
997 726 1192 764 conciret?
1235 727 1393 764 adversa
1425 727 1506 766 ine

91 801 129 824 10
147 802 226 828 rem
260 790 451 840 publicam
493 802 651 828 casura:
691 791 748 828 sin
777 803 957 840 prospere
991 792 1140 841 egisset,
1174 778 1465 830 formidolosum

146 856 232 906 paci
256 856 380 893 virum
407 856 595 906 insignem
622 862 659 893 et
689 856 829 905 ignavo
854 857 1014 906 principi
1043 868 1298 906 praegravem.
1354 856 1465 906 igitur
1482 867 1503 898 7

147 920 329 960 Claudius
349 921 446 960 adeo
466 934 606 960 novam
635 922 674 958 in
695 920 923 959 Germanias
951 922 1025 958 vim
1049 921 1251 971 prohibuit,
1274 928 1315 959 ut
1338 920 1464 959 referri

146 987 334 1036 praesidia
353 987 406 1025 cis
428 987 608 1024 Rhenum
629 987 787 1025 iuberet.

200 1055 268 1090 20.
298 1052 381 1089 Iam
420 1059 545 1090 castra
582 1053 622 1089 in
659 1052 786 1090 hostili
826 1052 908 1091 solo
947 1052 1115 1090 molienti
1150 1051 1361 1090 Corbuloni
1395 1063 1464 1089 eae

91 1118 288 1160 151itterae
320 1117 535 1155 redduntur.
592 1118 654 1156 ille
689 1131 728 1156 re
763 1119 895 1164 subita,
931 1129 1164 1168 quamquam
1197 1117 1318 1155 multa
1355 1116 1466 1154 simul

149 1183 447 1229 offunderentur,
468 1190 592 1221 metus
612 1196 659 1221 ex
686 1184 924 1233 imperatore,
949 1183 1183 1232 contemptio
1209 1195 1257 1221 ex
1283 1182 1462 1228 barbaris,

149 1245 352 1283 ludibrium
379 1246 480 1296 apud
507 1246 643 1293 socios,
674 1246 763 1283 nihil
793 1246 894 1283 aliud
917 1246 1137 1295 prolocutus
1163 1257 1280 1295 quam
1309 1246 1462 1283 ‘beatos

150 1311 346 1361 quondam
367 1311 483 1349 duces
508 1311 730 1357 Romanos,'
751 1312 903 1360 signum
923 1311 1091 1360 receptui
1107 1311 1220 1349 dedit.
1276 1317 1318 1347 ut
1332 1317 1462 1348 tamen
1481 1318 1504 1347 2

150 1377 258 1414 miles
296 1378 416 1415 otium
454 1383 620 1422 exueret,
660 1377 756 1413 inter
790 1375 946 1413 Mosam
982 1376 1238 1425 Rhenumque
1277 1375 1388 1412 trium
1425 1382 1462 1413 et

93 1457 132 1479 20
150 1443 278 1490 viginti
311 1442 458 1479 milium
491 1442 614 1491 spatio
648 1442 793 1479 fossam
826 1441 1011 1490 perduxit,
1042 1453 1118 1490 qua
1147 1441 1289 1477 incerta
1318 1439 1463 1478 Oceani

149 1507 359 1545 vitarentur.
416 1507 565 1556 insigne
585 1514 716 1544 tamen
736 1506 914 1555 triumphi
935 1506 1090 1543 indulsit
1111 1505 1264 1551 Caesar,
1291 1506 1462 1554 quamvis
1481 1516 1504 1546 3

150 1572 289 1610 bellum
308 1573 531 1622 negavisset.

203 1637 286 1675 Nec
316 1638 433 1676 multo
462 1645 549 1688 post
579 1637 733 1675 Curtius
763 1636 886 1674 Rufus
916 1636 1080 1673 eundem
1109 1636 1294 1674 honorem
1323 1636 1460 1685 adipis·
1481 1645 1506 1675 4

149 1705 256 1750 citur,
289 1704 354 1753 qui
391 1704 430 1740 in
468 1715 561 1752 agro
600 1703 785 1740 Mattiaco
823 1702 1024 1740 recluserat
1062 1714 1198 1751 specus
1237 1701 1462 1751 quaerendis

93 1781 130 1813 25
149 1769 254 1807 venis
283 1769 429 1818 argenti
445 1782 454 1815 ;
492 1768 594 1806 unde
624 1768 747 1805 tenuis
771 1765 912 1804 fructus
941 1779 1012 1804 nec
1043 1767 1083 1803 in
1112 1767 1268 1816 longum
1296 1766 1386 1804 fuit:
1424 1773 1462 1804 at

149 1832 362 1881 legionibus
397 1843 485 1868 cum
522 1830 664 1867 damno
703 1830 821 1875 labor,
861 1829 1027 1866 effodere
1065 1830 1176 1875 rivos,
1214 1841 1386 1878 quaeque
1423 1829 1462 1866 in

151 1903 283 1947 aperto
302 1897 441 1946 gravia,
467 1895 626 1932 humum
652 1894 749 1931 infra
774 1895 910 1932 moliri.
968 1895 1050 1943 quis
1082 1895 1259 1932 subactus
1287 1894 1404 1940 miles,
1425 1900 1462 1931 et
1480 1904 1503 1934 5

151 1964 240 2013 quia
271 1963 398 2012 plures
436 1973 503 2010 per
539 1960 754 2009 provincias
793 1959 927 1996 similia
964 1959 1232 2005 tolerabantur,
1266 1959 1463 2008 componit

151 2028 322 2067 occultas
341 2027 484 2064 litteras
503 2025 659 2062 nomine
679 2023 926 2070 exercituum,
940 2024 1177 2073 precantium
1196 2024 1462 2073 imperatorem

92 2107 134 2139 30
152 2101 203 2140 ut,
242 2093 379 2142 quibus
423 2091 671 2140 permissurus
719 2096 817 2126 esset
859 2089 1060 2135 exercitus,
1098 2088 1337 2138 triumphalia
1374 2095 1461 2127 ante

150 2159 337 2196 tribueret.

205 2226 264 2260 21.
294 2221 354 2258 De
394 2220 539 2269 origine
584 2218 701 2256 Curtii
746 2217 845 2264 Rufi,
884 2229 999 2267 quern
1040 2217 1247 2266 gladiatore
1289 2218 1461 2268 genitum

153 2287 307 2338 quidam
338 2285 545 2335 prodidere,
576 2295 700 2333 neque
728 2282 821 2319 falsa
850 2283 1102 2332 prompserim
1126 2289 1161 2318 et
1190 2294 1278 2320 vera
1305 2283 1461 2333 exsequi
