1643 2655
497 87 736 120 CORNELI]
764 87 934 120 TACJTJ
958 88 1236 120 ANNALJUM
1298 81 1435 135 [A.u.c.
1459 89 1533 131 786.

212 192 325 229 iubet.
394 191 508 230 iacuit
537 191 710 230 inmensa
749 198 904 241 strages,
941 193 1066 230 omnis
1100 203 1223 237 sexus,
1256 192 1382 229 omnis
1413 199 1568 239 aetas,3

211 256 385 295 inlustres
413 257 613 307 ignobiles,
635 258 793 307 dispersi
823 265 887 294 aut
916 257 1095 307 aggerati.
1152 268 1276 306 neque
1307 256 1530 308 propinquis
1547 267 1571 296 4

212 330 275 360 aut
309 322 438 361 amicis
471 323 661 369 adsistere,
697 323 945 369 inlacrimare,
976 335 1025 360 ne
1059 322 1179 360 visere
1209 321 1364 372 quidem
1393 322 1532 361 diutius

212 387 382 435 dabatur,
404 388 471 426 sed
500 388 732 426 circumiecti
762 388 941 426 custodes
970 394 1006 424 et
1034 387 1072 424 in
1103 399 1316 424 maerorem
1346 387 1531 438 cuiusque

174 453 345 501 5intenti
377 465 538 502 corpora
571 452 780 502 putrefacta
818 453 1125 498 adsectabantur,
1158 451 1251 489 dum
1284 452 1323 489 in
1358 451 1531 490 Tiberim

210 518 458 563 traherentur,
497 517 561 555 ubi
601 517 785 555 fluitantia
823 524 887 555 aut
925 517 1012 566 ripis
1044 517 1205 567 adpulsa
1243 529 1322 554 non
1361 529 1531 556 cremare

212 585 423 633 quisquam,
463 594 542 620 non
587 582 821 632 contingere.
896 582 1135 620 interciderat
1183 582 1293 620 sortis
1341 581 1572 625 humanae5

210 648 482 687 commercium
511 648 545 684 vi
575 654 709 693 metus,
733 654 995 697 quantumque
1026 647 1180 685 saevitia
1207 647 1390 696 glisceret,
1415 648 1530 686 mise-

211 714 306 751 ratio
325 714 532 750 arcebatur.

155 792 194 814 10
265 783 322 816 20
362 777 459 830 (26).
510 777 589 815 Sub
627 778 727 815 idem
770 785 920 827 tempus
962 778 1083 816 Gaius
1131 777 1284 824 Caesar,
1324 778 1532 817 discedenti

210 843 380 893 Capreas
409 855 481 880 avo
513 855 656 888 comes,
690 842 902 889 Claudiam,
939 842 993 880 M.
1029 843 1145 880 Silani
1183 843 1314 888 filiam,
1348 844 1529 894 coniugio

211 909 370 958 accepit,
403 909 611 945 immanem
645 908 816 945 animum
852 908 1014 946 subdola
1045 908 1232 945 modestia
1270 914 1416 957 tegens,
1449 920 1530 946 non

211 973 452 1011 damnatione
476 973 616 1018 matris,
646 984 726 1009 non
756 972 871 1010 exitio
900 972 1058 1009 fratrum
1087 978 1199 1021 rupta
1227 984 1319 1010 voce
1335 985 1344 1019 ;
1375 972 1529 1022 qualem

210 1038 312 1076 diem
346 1037 523 1075 Tiberius
554 1037 747 1082 induisset,
780 1037 862 1086 pari
893 1037 1036 1082 habitu,
1067 1036 1169 1074 haud
1197 1037 1361 1075 multum
1390 1037 1530 1075 distan-

155 1117 192 1149 15
210 1104 309 1141 tibus
346 1103 479 1140 verbis.
549 1101 650 1140 unde
688 1114 780 1140 mox
812 1102 947 1139 scitum
979 1101 1148 1139 Passieni
1187 1103 1348 1140 oratoris
1386 1102 1570 1141 dictum2

210 1169 453 1218 percrebruit,
492 1179 618 1217 neque
656 1166 855 1204 meliorem
893 1178 1078 1216 umquam
1117 1179 1268 1204 servum
1302 1179 1427 1217 neque
1466 1167 1532 1205 de-

211 1234 388 1272 teriorem
409 1233 608 1271 dominum
629 1231 756 1270 fuisse.

267 1299 360 1337 Non
388 1298 583 1337 omiserim
612 1297 854 1347 praesagium
884 1298 1031 1336 Tiberii
1060 1297 1106 1335 de
1135 1297 1264 1335 Servio
1294 1297 1421 1336 Galba
1449 1304 1530 1336 tum
1547 1306 1570 1335 3

213 1365 392 1411 consule;
422 1375 539 1414 quem
560 1363 725 1401 accitum
745 1370 782 1401 et
802 1363 957 1401 diversis
974 1363 1216 1401 sermonibus
1235 1370 1530 1413 pertemptatum

157 1442 196 1464 20
214 1437 408 1479 postremo
442 1429 601 1467 Graecis
633 1429 756 1466 verbis
789 1428 827 1465 in
859 1427 958 1465 hanc
991 1429 1219 1466 sententiam
1253 1428 1453 1466 adlocutus
1481 1432 1536 1466 est

215 1498 223 1514 ‘
241 1502 279 1532 et
312 1502 364 1541 tu,
397 1493 533 1539 Galba,
567 1493 799 1543 quandoque
830 1493 1049 1542 degustabis
1078 1491 1304 1542 imperium‚'
1335 1505 1459 1530 seram
1487 1505 1532 1531 ac

213 1561 366 1598 brevem
403 1560 614 1609 potentiam
653 1559 880 1607 significans,
918 1558 1075 1596 scientia
1113 1557 1396 1596 Chaldaeorum
1428 1558 1530 1604 artis,

213 1626 318 1663 cuius
338 1624 564 1674 apiscendae
581 1625 700 1661 otium
716 1623 819 1673 apud
833 1623 1030 1670 Rhodum,
1044 1623 1267 1672 magistrum
1283 1622 1531 1661 Thrasullum

214 1690 355 1736 habuit,
377 1690 549 1738 peritiam
569 1689 649 1727 eius
669 1689 742 1726 hoc
762 1688 881 1727 modo
905 1694 1093 1737 expertus.

158 1774 195 1806 25
269 1759 317 1792 21
353 1753 447 1805 (27).
491 1754 682 1800 Quotiens
715 1766 828 1802 super
866 1754 929 1790 tali
969 1753 1122 1802 negotio
1153 1753 1395 1801 consultaret,
1429 1753 1530 1792 edita

215 1820 351 1857 domus
379 1825 487 1868 parte
515 1831 559 1856 ac
586 1819 706 1856 liberti
732 1818 843 1856 unius
870 1818 1105 1856 conscientia
1130 1819 1316 1856 utebatur.
1373 1818 1404 1856 is
1433 1818 1530 1856 litte-
1546 1823 1570 1854 Β

214 1896 342 1921 rarum
375 1884 540 1933 ignarus,
575 1895 733 1932 corpore
772 1883 908 1928 valido,
939 1894 1007 1932 per
1037 1883 1120 1920 avia
1152 1895 1197 1920 ac
1231 1882 1391 1933 derupta
1423 1881 1531 1933 (nam

216 1950 317 1986 saxis
347 1949 483 1986 domus
517 1946 705 1998 imminet)
735 1948 904 1997 praeibat
937 1958 1037 1993 eum,
1071 1948 1175 1985 cuius
1213 1954 1332 1985 artem
1370 1948 1531 1998 experiri

217 2013 396 2051 Tiberius
415 2013 614 2059 statuisset,
635 2019 671 2050 et
697 2012 987 2061 regredientem,
1009 2012 1041 2049 si
1064 2012 1237 2049 vanitatis
1267 2019 1331 2050 aut
1353 2012 1531 2050 fraudum

157 2096 200 2127 30
218 2079 384 2127 suspicio
403 2078 620 2123 incesserat,
637 2077 676 2113 in
691 2078 903 2114 subiectum
924 2088 1027 2113 mare
1041 2077 1324 2125 praecipitabat,
1346 2089 1394 2115 ne
1414 2076 1530 2114 index

216 2143 344 2180 arcani
373 2142 578 2180 exsisteret.
636 2142 748 2190 igitur
771 2140 997 2178 Thrasullus
1027 2141 1148 2178 isdem
1173 2141 1328 2190 rupibus
1351 2141 1569 2179 inductus8

217 2214 420 2257 postquam
440 2212 730 2255 percontantem
749 2212 1019 2251 commoverat,
1039 2205 1237 2255 imperium
1259 2206 1331 2255 ipsi
1351 2211 1388 2243 et
1408 2206 1530 2242 futura

217 2271 387 2309 sollerter
406 2270 646 2320 patefaciens,
667 2271 919 2320 interrogatur
947 2282 996 2308 an
1023 2265 1132 2308 suam
1153 2282 1306 2320 quoque
1326 2269 1529 2319 genitalem
