1634 2640
128 77 298 132 A·¹³·⁴9-]
490 85 638 116 LIBER
669 85 755 116 XII.
817 86 915 117 CAP.
952 88 1089 127 17-22.

127 187 302 237 egregios
326 187 432 232 fines,
454 186 630 236 quotiens
660 185 896 234 ignoscendo
927 188 1179 236 tarnsigatur:
1212 188 1263 225 sic
1296 187 1442 225 Zorsini

83 263 108 293 4
128 253 227 291 victo
279 251 369 290 nihil
420 258 604 302 ereptum.
680 262 749 300 pro
802 250 1036 300 Mithridate,
1088 252 1243 302 quando
1296 254 1444 300 gravius

128 325 344 364 mereretur,
382 329 462 356 non
499 317 710 366 potentiam
749 328 874 366 neque
912 328 1074 365 regnum
1112 317 1269 366 precari,
1299 318 1366 354 sed
1396 330 1443 354 ne

127 382 420 433 triumpharetur
434 394 529 420 neve
549 394 694 432 poenas
715 383 836 431 capite
856 381 1097 431 expenderet.

181 453 253 487 20.
282 449 333 486 At
362 447 554 492 Claudius,
586 459 820 497 quamquam
851 447 1110 486 nobilitatibus
1138 449 1304 487 externis
1332 449 1441 493 mitis,
1463 461 1482 493 5

127 513 309 551 dubitavit
329 519 472 560 tamen,
492 513 663 562 accipere
691 513 883 561 captivum
910 518 1025 562 pacto
1050 514 1179 551 salutis
1201 528 1249 552 an
1278 523 1444 563 repetere

83 587 106 616 2
127 579 240 616 armis
268 579 405 616 rectius
426 578 531 616 foret.
589 578 677 615 hinc
700 578 811 615 dolor
831 579 1048 616 iniuriarum
1069 587 1105 617 et
1126 580 1241 618 libido
1260 579 1445 616 vindictae

126 644 324 694 adigebat:
354 643 421 682 sed
442 644 694 682 disserebatur
715 651 846 681 contra
867 644 1007 693 suscipi
1027 644 1168 682 bellum
1189 645 1272 683 avio
1300 645 1444 691 itinere,

126 710 352 760 inportuoso
399 710 520 756 mari3
563 709 612 747 ad
653 708 727 746 hoc
768 721 877 758 reges
917 708 1072 755 seroces,
1113 722 1229 760 vagos
1270 710 1444 760 populos,

127 774 250 813 solum
280 774 429 825 frugum
456 787 634 824 egenum,
661 774 830 811 taedium
858 787 906 812 ex
935 786 1053 821 mora,
1084 775 1251 824 pericula
1279 788 1327 813 ex
1358 787 1445 824 pro·
1466 787 1506 809 10

126 841 307 890 perantia,
331 840 525 878 modicam
546 840 749 877 fictoribus
774 839 925 877 laudem
948 852 993 878 ac
1019 840 1179 878 multum
1207 840 1394 886 infamiae,
1415 841 1446 878 si

83 915 106 945 3
127 905 362 955 pellerentur.
420 906 512 955 quin
553 905 731 954 arriperet
760 905 889 942 oblata
917 912 954 943 et
993 912 1156 943 servaret
1194 906 1354 951 exulem,
1387 906 1445 943 cui

85 983 109 1012 4
126 971 230 1021 inopi
253 977 400 1021 quanto
426 970 639 1020 longiorem
658 971 784 1016 vitam,
809 977 916 1008 tanto
938 970 1024 1019 plus
1048 971 1219 1020 supplicii
1238 970 1331 1008 fore.
1388 971 1446 1008 his

125 1043 321 1086 permotus
337 1036 484 1086 scripsit
496 1035 663 1081 Eunoni,
681 1035 857 1073 meritum
873 1035 1028 1086 quidem
1050 1037 1256 1074 novissima
1271 1035 1445 1085 exempla

126 1100 397 1147 Mithridatem,
428 1113 498 1138 nec
530 1101 600 1138 sibi
628 1100 704 1137 vim
733 1100 782 1138 ad
811 1100 1101 1151 exsequendum
1130 1101 1285 1139 deesse:
1315 1113 1445 1139 verum
1466 1110 1504 1144 15

124 1167 176 1204 ita
205 1166 416 1204 maioribus
449 1165 642 1216 placitum,
673 1173 815 1215 quanta
844 1166 1053 1215 pervicacia
1083 1167 1122 1203 in
1153 1166 1312 1211 hostem,
1341 1173 1446 1204 tanta

124 1231 374 1270 beneficentia
393 1231 573 1269 adversus
594 1231 785 1280 supplices
812 1231 994 1269 utendum
1007 1244 1018 1278 ;
1048 1243 1139 1269 nam
1159 1231 1372 1280 triumphos
1398 1231 1445 1268 de

123 1297 276 1348 populis
304 1296 510 1346 regnisque
540 1297 696 1345 integris
726 1297 881 1347 acquiri.

177 1366 240 1401 21.
271 1361 454 1400 Traditus
483 1361 644 1412 posthac
675 1360 917 1400 Mithridates
947 1370 1155 1413 vectusque
1185 1362 1351 1400 Romam
1378 1374 1446 1412 per

123 1428 276 1466 Iunium
313 1426 502 1473 Cilonem,
541 1434 824 1477 procuratorem
859 1427 983 1474 Ponti,
1022 1428 1185 1466 ferocius
1223 1439 1338 1478 quam
1375 1440 1445 1477 pro
1465 1438 1505 1460 20

120 1493 274 1532 fortuna
289 1492 507 1531 disseruisse
525 1493 627 1542 apud
641 1492 846 1531 Caesarem
860 1492 1058 1539 ferebatur,
1079 1493 1252 1543 elataque
1273 1505 1346 1530 vox
1367 1493 1445 1530 eius

122 1561 161 1597 in
176 1559 330 1609 vulgum
346 1558 449 1597 hisce
465 1559 598 1604 verbis,
614 1562 622 1578 ‘
639 1570 718 1596 non
732 1571 817 1596 sum
837 1559 1016 1596 remissus
1038 1558 1086 1595 ad
1101 1566 1147 1604 te,
1165 1558 1232 1596 sed
1251 1569 1422 1596 reversus
1437 1571 1443 1594 :

81 1632 103 1662 2
121 1625 180 1662 vel
200 1625 230 1661 si
255 1635 335 1662 non
362 1625 495 1670 credis,
518 1624 663 1661 dimitte
688 1631 724 1661 et
746 1622 906 1674 quaere.7
965 1623 1067 1660 vultu
1095 1635 1248 1672 quoque
1275 1623 1444 1661 interrito

121 1689 339 1740 permansit,
373 1701 462 1727 cum
494 1696 613 1727 rostra
656 1690 759 1726 iuxta
797 1688 1017 1727 custodibus
1056 1688 1312 1726 circumdatus
1349 1689 1442 1725 visui

121 1754 266 1805 populo
307 1755 559 1803 praeberetur.
636 1754 851 1792 consularia
897 1754 1062 1804 insignia
1103 1753 1241 1799 Ciloni,
1282 1753 1443 1803 Aquilae
1464 1762 1502 1794 ²5

120 1820 309 1870 praetoria
329 1819 598 1857 decernuntur.

174 1889 242 1924 22.
287 1884 415 1923 Isdem
459 1885 678 1923 consulibus
713 1890 821 1923 atrox
855 1884 934 1923 odii
971 1885 1184 1935 Agrippina
1217 1897 1262 1923 ac
1301 1883 1444 1922 Lolliae

119 1950 279 1997 infensa,
299 1950 404 2001 quod
425 1962 554 1989 secum
576 1950 624 1987 de
647 1950 893 1988 matrimonio
918 1951 1098 2000 principis
1117 1950 1341 1996 cenavisset,
1362 1961 1444 1987 mo-

120 2016 206 2054 litur
234 2016 392 2054 erimina
417 2022 454 2053 et
479 2022 754 2061 accusatorem,
777 2016 842 2065 qui
867 2016 1032 2053 obiceret
1057 2014 1285 2061 Chaldaeos,
1310 2026 1444 2063 magos

120 2081 469 2131 interrogatumque
506 2081 695 2131 Apollinis
733 2080 848 2118 Clarii
887 2080 1131 2118 simulacrum
1167 2092 1278 2129 super
1306 2079 1444 2128 nuptiis
1463 2088 1504 2119 30

78 2157 102 2188 8
121 2146 367 2196 imperatoris.
423 2146 526 2184 exim
546 2145 728 2184 Claudius
747 2145 914 2184 inaudita
936 2157 999 2183 rea
1020 2145 1136 2182 multa
1156 2145 1201 2182 de
1222 2144 1443 2182 claritudine

120 2212 201 2250 eius
239 2211 340 2261 apud
379 2218 554 2249 senatum
591 2211 796 2260 praefatus,
836 2222 965 2248 sorore
1004 2209 1046 2247 L.
1078 2209 1224 2247 Volusii
1261 2209 1440 2258 genitam,

119 2276 304 2314 maiorem
317 2276 350 2313 ei
370 2283 547 2325 patruum
562 2275 715 2314 Cottam
733 2275 984 2314 Messalinum
999 2287 1093 2320 esse,
1112 2273 1300 2312 Memmio
1320 2285 1442 2323 quon-
