1643 2655
459 125 695 158 CORNELII
726 127 894 159 TACJTJ
918 128 1191 159 ANNALJUM
1243 120 1379 174 [auc.
1401 131 1474 160 800.

158 227 327 274 habitas3
358 228 618 279 primoresque
650 229 823 266 Etruriae
852 236 986 279 sponte
1011 237 1074 267 aut
1099 236 1247 279 patrum
1276 230 1471 268 Romano-

159 305 244 330 rum
273 293 422 343 inpulsu
453 295 647 332 retinuisse
673 295 868 332 scientiam
899 302 934 332 et
960 295 998 331 in
1026 295 1186 332 familias
1212 308 1445 345 propagasse
1461 309 1470 342 3

159 359 263 407 quod
293 371 395 396 nunc
421 360 572 408 segnius
601 360 679 397 fieri
705 359 857 409 publica
881 360 981 397 circa
1009 360 1130 397 bonas
1157 367 1255 398 artes
1283 361 1469 407 socordia,

160 431 196 461 et
224 424 312 473 quia
340 431 518 462 externae
547 425 832 473 superstitiones
861 424 1064 461 valescant.
1120 431 1157 461 et
1186 425 1283 462 laeta
1316 426 1470 474 quidem
1488 435 1510 464 2

122 489 198 532 5in
227 502 405 538 praesens
435 490 575 534 omnia,
609 490 676 526 sed
710 489 931 537 benignitati
966 488 1081 526 deum
1115 490 1276 537 gratiam
1309 490 1471 528 referen-

160 555 261 599 dam,
295 567 341 591 ne
376 556 467 591 ritus
499 565 695 591 sacrorum
726 554 823 591 inter
855 554 1035 603 ambigua
1067 553 1157 591 culti
1191 567 1259 604 per
1291 567 1473 604 prospera

161 619 474 657 oblitterarentur.
531 618 672 656 factum
701 630 748 655 ex
777 630 826 655 eo
858 625 1011 656 senatus
1043 619 1270 666 consultum,
1305 619 1512 658 viderent3

160 684 359 733 pontifices
388 696 486 733 quae
516 683 714 720 retinenda
743 683 1006 732 firmandaque
1037 683 1293 733 haruspicum.

212 754 273 787 16.
302 749 451 787 Eodem
471 761 575 786 anno
596 748 879 786 Cheruscorum
906 760 1000 796 gens
1023 760 1153 797 regem
1181 748 1309 786 Roma
1331 750 1472 799 petivit,

103 828 142 850 10
160 815 306 852 amissis
335 826 402 863 per
429 813 575 851 interna
612 813 711 850 bella
750 813 938 850 nobilibus
976 820 1013 850 et
1050 825 1129 851 uno
1167 814 1313 863 reliquo
1348 815 1474 864 stirpis

159 880 296 928 regiae,
324 879 389 928 qui
418 878 520 928 apud
546 879 681 915 urbem
708 878 918 916 habebatur
944 878 1099 916 nomine
1130 878 1295 916 Italicus.
1352 886 1474 928 pater·
1492 887 1514 916 2

160 957 253 981 num
272 945 358 982 huic
378 956 499 993 genus
520 957 540 981 e
570 943 687 981 Flavo
707 943 818 981 fratre
843 943 1018 989 Arminii,
1046 950 1166 981 mater
1195 955 1243 980 ex
1266 943 1474 982 Actumero

159 1010 328 1060 principe
371 1008 595 1047 Chattorum
639 1015 719 1046 erat
731 1021 741 1055 ;
789 1009 869 1058 ipse
910 1008 1035 1046 forma
1078 1008 1240 1046 decorus
1283 1015 1320 1047 et
1359 1009 1474 1047 armis

159 1075 340 1124 equisque
372 1074 411 1111 in
446 1074 610 1124 patrium
642 1081 890 1123 nostrumque
923 1086 1070 1111 morem
1104 1075 1304 1111 exercitus.
1361 1074 1515 1123 igitura

103 1151 141 1183 15
161 1140 302 1178 Caesar
327 1146 481 1177 auctum
507 1140 678 1189 pecunia,
701 1139 836 1177 additis
864 1139 1120 1188 stIpatoribus,
1147 1139 1317 1177 hortatur
1337 1139 1475 1188 gentile

160 1205 277 1243 decus
324 1217 466 1254 magno
509 1204 638 1242 animo
685 1216 906 1253 capessere:
962 1204 1067 1241 illum
1114 1204 1279 1253 primum
1327 1204 1475 1242 Romae

159 1277 283 1308 ortum
312 1282 382 1307 nec
411 1270 595 1315 obsidem,
627 1269 694 1307 sed
723 1270 844 1307 civem
870 1269 922 1306 ire
953 1276 1153 1306 externum
1183 1269 1232 1306 ad
1261 1269 1475 1318 imperium.

160 1347 204 1373 ac
238 1335 363 1384 primo
396 1334 515 1372 laetus
543 1334 747 1373 Germanis
776 1335 970 1380 adventus,
1001 1341 1125 1383 atque,
1155 1346 1203 1372 eo
1231 1334 1336 1384 quod
1366 1334 1518 1372 nullis4

161 1400 358 1437 discordiis
392 1399 560 1437 imbutus
594 1400 675 1449 pari
710 1400 749 1437 in
778 1411 915 1437 omnes
946 1400 1070 1437 studio
1106 1406 1246 1449 ageret,
1283 1399 1475 1444 celebrari,

103 1478 143 1500 20
160 1465 244 1511 coli,
271 1464 390 1502 modo
418 1465 637 1502 comitatem
667 1471 704 1502 et
732 1465 1031 1514 temperantiam,
1063 1464 1154 1501 nulli
1177 1464 1307 1510 invisa,
1329 1464 1476 1513 saepius

159 1529 405 1567 vinolentiam
431 1541 475 1567 ac
503 1529 689 1575 libidines,
715 1536 821 1579 grata
854 1530 1036 1575 barbaris,
1065 1541 1265 1579 usurpans.
1322 1529 1476 1578 iamque
1493 1535 1515 1565 5

160 1595 262 1644 apud
282 1594 487 1644 proximos,
521 1595 597 1632 iam
624 1594 774 1644 longius
799 1595 1017 1640 clarescere,
1045 1606 1134 1632 cum
1162 1595 1371 1644 potentiam
1395 1595 1478 1632 eius

161 1666 432 1709 suspectantes,
455 1660 520 1709 qui
540 1659 766 1697 factionibus
791 1660 1007 1705 floruerant,
1037 1659 1236 1697 discedunt
1263 1659 1311 1697 ad
1331 1666 1477 1697 conter-

160 1725 287 1762 minos
320 1724 486 1774 populos
519 1736 564 1762 ac
597 1724 843 1762 testificantur
883 1724 997 1762 adimi
1036 1730 1202 1762 veterem
1245 1723 1477 1762 Germaniae

103 1801 141 1834 ²5
161 1790 370 1827 libertatem
413 1795 450 1826 et
498 1789 696 1827 Romanas
744 1801 838 1838 opes
881 1790 1087 1838 insurgere.
1145 1789 1242 1827 adeo
1285 1789 1517 1827 nemineme

160 1855 281 1892 isdem
318 1855 358 1891 in
390 1854 496 1891 terris
530 1861 666 1900 ortum,
702 1854 767 1903 qui
799 1854 1011 1903 principem
1044 1854 1172 1891 locum
1204 1854 1370 1903 impleat,
1405 1853 1477 1891 nisi

160 1919 409 1969 exploratoris
428 1918 532 1956 Flavi
553 1919 756 1968 progenies
778 1930 889 1967 super
915 1924 1074 1956 cunctos
1094 1918 1312 1956 attollatur?
1342 1917 1478 1956 frustra
1493 1924 1515 1956 7

159 1985 377 2022 Arminium
403 1983 632 2033 praescribi:
675 1984 781 2020 cuius
815 1983 844 2019 si
875 1982 971 2020 filius
999 1983 1122 2021 hostili
1146 1984 1185 2019 in
1213 1984 1296 2021 solo
1327 1984 1477 2022 adultus

160 2050 199 2087 in
238 2061 397 2098 regnum
435 2049 608 2093 venisset,
648 2059 761 2097 posse
808 2047 1012 2093 extimesci‚
1055 2047 1239 2085 infectum
1282 2048 1475 2093 alimonio,

104 2129 145 2159 30
162 2115 319 2160 servitio,
341 2113 456 2159 cultu,
485 2114 664 2150 omnibus
691 2112 876 2149 externis:
907 2118 944 2149 at
975 2112 1004 2149 si
1030 2118 1188 2161 paterna
1215 2112 1348 2150 Italico
1368 2125 1476 2150 mens
1492 2121 1518 2150 8

161 2186 269 2224 esset,
309 2191 387 2216 non
425 2178 539 2214 alium
578 2176 760 2214 infensius
798 2188 903 2213 arma
936 2183 1069 2213 contra
1105 2176 1266 2225 patriam
1300 2189 1344 2214 ac
1381 2177 1476 2215 deos

161 2250 318 2294 penates
347 2255 462 2292 quam
491 2248 692 2291 parentem
721 2242 800 2278 eius
829 2241 1050 2278 exercuisse.

215 2313 274 2348 17.
306 2307 380 2344 His
409 2314 521 2357 atque
551 2306 686 2343 talibus
716 2317 876 2354 magnas
903 2305 1032 2353 copias
1061 2309 1246 2354 coegere3
1281 2317 1352 2344 nec
1382 2318 1475 2356 pau-
