1643 2655
461 94 698 127 CORNELII
730 94 899 126 TACITI
924 94 1202 125 ANNAAJUM
1254 85 1392 139 [A.U.c.
1415 95 1485 133 803.

171 198 260 236 dam
289 197 439 248 Regulo
469 205 625 248 nuptam
659 196 765 248 (nam
795 198 841 236 de
862 198 935 236 Gai
956 198 1129 235 Caesaris
1155 197 1295 246 nuptiis
1316 197 1490 235 consulto

172 261 380 314 reticebat),
395 263 537 301 addidit
557 263 768 313 perniciosa
787 264 826 300 in
840 275 920 301 rem
942 263 1135 312 publicam
1151 262 1308 300 consilia
1323 269 1358 300 et
1371 269 1488 300 mate-

171 329 263 366 riem
279 328 408 366 sceleri
429 328 722 366 detrahendam:
749 329 858 377 proin
872 328 1071 377 publicatis
1085 328 1195 365 bonis
1211 327 1358 365 cederet
1370 327 1489 365 Italia.

171 395 222 432 ita
253 395 534 444 quinquagiens
568 394 782 432 sestertium
817 406 864 430 ex
905 394 1042 442 opibus
1074 393 1268 430 immensis
1299 393 1400 430 exuli
1433 403 1529 432 re-8

134 465 152 497 5
171 459 312 498 lictum.
368 467 404 497 et
421 459 804 509 Calpurniainlustris
818 458 959 496 femina
972 458 1206 507 pervertitur,
1224 458 1312 507 quia
1324 457 1489 496 formam

171 526 251 563 eius
271 525 485 562 laudaverat
513 526 700 574 princeps,
722 524 825 561 nulla
845 524 1010 569 libidine,
1032 523 1099 561 sed
1119 523 1274 561 fortuito
1302 534 1488 571 sermone,

171 590 271 628 unde
293 591 347 627 ira
376 590 612 640 Agrippinae
637 590 728 628 citra
753 590 885 628 ultima
914 590 1025 627 stetit.
1082 590 1119 626 in
1148 588 1309 627 Lolliam
1334 588 1532 628 mittitur4

169 657 352 703 tribunus,
387 668 409 693 a
442 668 519 705 quo
549 655 598 693 ad
629 662 792 694 mortem
824 656 1047 705 adigeretur.
1107 655 1310 692 damnatus
1339 660 1376 691 et
1407 653 1490 703 lege

170 721 464 771 repetundarum
485 721 629 759 Cadius
651 720 775 758 Rufus
795 721 1063 759 accusantibus
1084 720 1264 769 Bithynis.

114 795 153 817 10
225 791 290 825 23.
321 786 468 824 Galliae
489 786 732 824 Narbonensi
748 788 799 824 ob
819 787 1013 836 egregiam
1034 786 1071 823 in
1094 793 1220 835 patres
1240 785 1489 823 reverentiam

171 853 311 899 datum,
332 859 372 889 ut
392 852 627 890 senatoribus
648 853 729 889 eius
750 852 964 901 provinciae
992 863 1071 889 non
1093 851 1280 901 exquisita
1309 850 1490 900 principis

171 918 367 964 sententia,
405 918 484 955 iure
531 929 608 967 quo
658 917 785 954 Sicilia
831 917 1044 962 haberetur,
1093 928 1152 954 res
1199 927 1286 954 suas
1332 916 1490 953 invisere

169 984 307 1021 liceret.
366 983 581 1032 Ituraeique
620 988 657 1019 et
697 982 828 1019 Iudaei
868 981 1053 1020 defunctis
1091 982 1256 1031 regibus,
1298 980 1489 1019 Sohaemo
1510 992 1532 1021 2

170 1057 283 1099 atque
329 1048 512 1097 Agrippa,
556 1048 774 1097 provinciae
823 1046 953 1085 Suriae
997 1047 1122 1084 additi.
1195 1046 1333 1085 Salutis
1370 1058 1530 1096 augu-3

113 1124 151 1157 15
171 1116 267 1152 rium
289 1114 455 1163 quinque
475 1119 510 1150 et
532 1113 772 1163 septuaginta
799 1113 909 1151 annis
938 1113 1124 1150 omissum
1147 1113 1262 1162 repeti
1291 1124 1336 1150 ac
1352 1111 1490 1150 deinde

170 1179 381 1217 continuari
406 1178 596 1228 placitum.
652 1184 690 1216 et
713 1179 926 1228 pomerium
955 1178 1059 1215 urbis
1086 1178 1189 1216 auxit
1209 1178 1364 1224 Caesar,
1383 1189 1490 1215 more
1508 1186 1533 1216 4

170 1246 307 1296 prisco,
328 1257 404 1294 quo
432 1244 476 1282 iis
506 1244 570 1293 qui
597 1244 787 1293 protulere
813 1244 1015 1294 imperium
1044 1244 1158 1281 etiam
1181 1244 1364 1282 terminos
1389 1243 1492 1280 urbis

171 1322 381 1360 propagare
420 1309 540 1346 datur.
597 1321 666 1346 nec
706 1316 833 1347 tamen
879 1310 992 1347 duces
1031 1308 1210 1356 Romani,
1254 1320 1488 1359 quamquam
1507 1316 1530 1346 5

172 1376 321 1425 magnis
359 1375 577 1412 nationibus
608 1375 783 1420 subactis,
816 1381 1098 1424 usurpaverant,
1139 1374 1212 1412 nisi
1242 1373 1286 1411 L.
1322 1373 1426 1412 Sulla
1454 1380 1490 1411 et

113 1453 154 1477 20
172 1442 277 1480 divus
301 1440 509 1490 Augustus.

226 1510 293 1545 24.
326 1506 478 1555 Regum
511 1505 551 1542 in
581 1517 629 1543 eo
657 1505 814 1543 ambitio
847 1505 905 1543 vel
939 1506 1060 1555 gloria
1089 1505 1190 1544 varie
1218 1505 1391 1555 vulgata:
1423 1505 1490 1543 sed

172 1572 319 1610 initium
357 1571 559 1617 condendi,
599 1577 636 1608 et
673 1571 778 1620 quod
825 1572 1042 1620 pomerium
1083 1564 1270 1609 Romulus
1308 1571 1488 1620 posuerit,

171 1650 329 1676 noscere
370 1636 473 1674 haud
511 1636 719 1674 absurdum
759 1649 852 1674 reor.
911 1637 1023 1685 igitur
1060 1649 1082 1674 a
1119 1636 1202 1675 foro
1240 1636 1385 1682 boario,
1424 1636 1529 1674 ubia

172 1715 326 1741 aereum
345 1702 440 1739 tauri
460 1701 704 1739 simulacrum
724 1702 941 1751 aspicimus,
962 1702 1049 1752 quia
1069 1700 1107 1738 id
1127 1713 1248 1751 genus
1267 1701 1490 1738 animalium

115 1783 153 1817 25
173 1775 296 1806 aratro
322 1767 504 1814 subditur,
536 1767 662 1805 sulcus
692 1767 918 1816 designandi
954 1767 1086 1816 oppidi
1114 1773 1282 1816 coeptus,
1313 1772 1354 1803 ut
1382 1779 1489 1816 mag-

173 1847 261 1872 nam
297 1833 476 1870 Herculis
508 1845 612 1869 aram
651 1832 966 1881 amplecteretur;
997 1832 1085 1869 inde
1119 1832 1230 1870 certis
1269 1831 1399 1880 spatiis
1433 1831 1529 1869 in-8

173 1899 315 1937 teriecti
354 1897 496 1947 lapides
536 1909 604 1946 per
636 1897 713 1934 ima
751 1898 892 1934 montis
930 1897 1090 1934 Palatini
1129 1896 1177 1933 ad
1215 1908 1318 1934 aram
1358 1896 1487 1943 Consi,

172 1977 262 2003 mox
298 1964 419 2001 curias
451 1969 604 2008 veteres,
637 1969 718 1999 tum
756 1962 805 2000 ad
842 1962 1022 1999 sacellum
1057 1961 1211 2008 Larum,
1245 1961 1332 1999 inde
1365 1961 1490 1999 forum

175 2030 421 2074 Romanum;
464 2027 663 2077 forumque
702 2034 738 2064 et
775 2027 1009 2076 Capitolium
1040 2038 1118 2064 non
1152 2039 1173 2064 a
1208 2026 1387 2070 Romulo,
1424 2027 1490 2064 sed

115 2108 197 2141 goa
235 2094 326 2131 Tito
366 2093 480 2130 Tatio
519 2093 687 2130 additum
731 2092 815 2130 urbi
847 2092 1050 2129 credidere.
1106 2103 1197 2129 mox
1232 2104 1303 2141 pro
1340 2092 1491 2130 fortuna

175 2159 389 2210 pomerium
409 2164 574 2196 auctum.
631 2164 667 2195 et
687 2170 783 2207 quos
806 2163 887 2194 turn
909 2157 1090 2195 Claudius
1109 2158 1293 2194 terminos
1312 2157 1489 2206 posuerit,
1508 2163 1534 2193 4

174 2224 282 2263 facile
302 2224 456 2272 cognitu
476 2230 513 2261 et
534 2224 694 2273 publicis
713 2224 807 2261 actis
827 2222 1087 2272 perscriptum.

229 2293 299 2327 25,
330 2288 373 2326 C.
395 2288 558 2325 Antistio
579 2287 634 2325 M.
654 2288 784 2326 Suillio
800 2288 1020 2326 consulibus
1039 2287 1195 2337 adoptio
1215 2288 1253 2324 in
1274 2286 1489 2325 Domitium
