1634 2640
136 100 215 127 mu.
238 85 309 140 500]
489 94 641 126 LIBER
668 94 755 124 ΧΗ.
817 95 915 126 CAP.
952 100 1091 137 27-32·

135 197 238 247 quod
257 205 294 236 et
312 209 483 248 pugnam
510 210 627 235 manu
656 198 855 247 capessivit
874 205 910 235 et
936 211 1095 246 corpore
1122 200 1276 237 adverso
1298 201 1452 238 vulnera

93 273 117 304 8
135 263 296 312 excepit.
367 268 533 300 ceterum
587 263 635 300 ad
687 262 847 300 classem
886 263 924 299 in
975 262 1151 301 Danuvio
1190 266 1450 313 opperientem

136 326 319 376 perfugit;
350 328 467 366 secuti
497 339 587 365 mox
615 327 769 364 clientes
797 334 834 364 et
861 327 1028 376 acceptis
1058 328 1157 376 agris
1187 328 1225 365 in
1255 328 1452 367 Pannonia

93 392 249 430 4locati
283 400 382 430 sunt.
440 404 601 442 regnum
633 391 786 442 Vangio
825 404 869 430 ac
908 391 999 429 Sido
1038 393 1135 430 inter
1173 404 1213 430 se
1254 394 1450 442 partiverc,

135 458 286 507 egregia
305 458 484 496 adversus
510 469 582 496 nos
602 457 688 502 fide,
710 457 897 502 subiectis,
920 469 1038 495 suone
1059 469 1107 494 an
1129 458 1265 495 servitii
1285 458 1450 508 ingenio,
1469 467 1486 499 5

135 521 228 558 dum
258 522 554 572 adipiscerentur
589 522 872 569 dominationis,
904 522 1022 560 multa
1052 523 1215 568 caritate,
1245 530 1282 561 et
1311 524 1451 561 maiore

135 586 236 633 odio,
266 594 472 637 postquam
502 587 627 636 adepti
657 594 754 625 sunt.

188 655 248 691 81.
279 652 330 689 At
348 653 387 688 in
408 651 603 689 Britannia
624 651 663 689 P.
687 651 885 690 Ostorium
905 664 978 702 pro
998 661 1170 702 praetore
1196 653 1366 691 turbidae
1391 665 1450 691 res

134 727 330 766 excepere,
357 716 488 755 effusis
515 718 554 754 in
583 728 716 766 agrum
744 717 937 755 sociorum
966 717 1140 756 hostibus
1168 730 1216 756 eo
1241 719 1446 763 violentius,

134 781 239 830 quod
266 793 407 820 novum
435 782 573 820 ducem
599 783 768 820 exercitu
794 783 924 832 ignoto
948 789 985 820 et
1012 790 1149 832 coepta
1169 783 1291 821 hieme
1310 784 1449 821 iturum
1469 794 1509 816 ιο

94 853 117 882 2
134 847 288 884 obviam
316 859 393 885 non
424 847 613 884 rebantur.
673 847 733 884 ille
757 860 899 896 gnarus
925 848 1056 897 primis
1085 849 1282 886 eventibus
1307 857 1448 886 metum

135 918 199 948 aut
218 911 396 949 fiduciam
416 912 532 961 gigni,
555 914 647 950 citas
671 912 847 951 cohortes
874 913 978 962 rapit,
1002 921 1037 951 et
1064 914 1184 951 caesis
1215 913 1279 962 qui
1305 914 1448 951 restite-

134 983 228 1023 rant,
252 976 431 1014 disiectos
451 984 703 1023 consectatus,
727 990 774 1015 ne
794 989 923 1015 rursus
943 978 1268 1027 conglobarentur
1287 978 1448 1015 infensa-

135 1052 211 1090 que
231 1048 267 1078 et
294 1041 409 1078 infida
428 1053 504 1091 pax
536 1054 615 1080 non
644 1043 743 1089 duci,
771 1055 849 1081 non
878 1042 984 1080 militi
1013 1043 1180 1093 requiem
1206 1043 1447 1092 permitteret,

135 1105 329 1143 detrahere
363 1118 468 1144 arma
501 1108 686 1156 suspectis
714 1109 737 1147 †
766 1115 976 1158 cunctaque
1016 1108 1147 1145 castris
1179 1107 1375 1144 Antonam
1412 1114 1448 1144 et
1470 1117 1506 1148 15

93 1177 116 1207 3
136 1169 337 1208 Sabrinam
356 1170 491 1208 fluvios
511 1171 689 1209 cohibere
710 1179 830 1221 parat.
886 1172 991 1221 quod
1010 1172 1120 1222 primi
1149 1171 1252 1209 Iceni
1272 1172 1448 1217 abnuere,

134 1235 258 1272 valida
289 1247 384 1284 gens
417 1247 487 1273 nec
518 1236 670 1285 proeliis
702 1238 861 1282 contusi,
897 1237 987 1286 quia
1024 1237 1245 1274 societatem
1278 1244 1448 1274 nostram

92 1307 117 1336 4
134 1299 302 1337 volentes
322 1308 572 1338 accesserant.
616 1301 750 1351 hisque
766 1302 983 1339 auctoribus
996 1302 1260 1339 circumiectae
1276 1302 1448 1339 nationes

133 1364 262 1402 locum
301 1376 451 1414 pugnae
489 1365 675 1414 delegere,
708 1373 881 1416 saeptum
919 1366 1057 1416 agresti
1094 1378 1233 1415 aggere
1271 1373 1308 1403 et
1344 1366 1448 1403 aditu

93 1437 116 1467 5
134 1436 310 1479 angusto,
359 1442 407 1467 ne
456 1431 604 1479 pervius
654 1431 773 1482 equiti
823 1432 930 1471 foret.
989 1443 1035 1468 ea
1086 1431 1322 1468 munimenta
1370 1430 1447 1468 dux
1469 1441 1507 1464 20

136 1493 348 1540 Romanus,
373 1506 609 1545 quamquam
636 1496 716 1533 sine
742 1496 880 1534 robore
907 1495 1104 1544 legionum
1130 1495 1290 1533 sociales
1316 1495 1448 1544 copias

135 1559 309 1605 ducebat,
348 1571 593 1608 perrumpere
638 1560 856 1609 adgreditur
898 1566 935 1597 et
977 1559 1182 1597 distributis
1228 1559 1448 1597 cohortibus

92 1631 116 1661 e
134 1631 278 1661 turmas
301 1635 454 1674 quoque
475 1624 644 1673 peditum
664 1624 713 1661 ad
731 1625 864 1662 munia
888 1624 1063 1673 accingit.
1103 1631 1195 1662 tunc
1221 1623 1310 1661 dato
1336 1625 1447 1673 signo

134 1689 370 1738 perfringunt
409 1701 590 1739 aggerem
630 1690 783 1740 suisque
822 1689 994 1727 claustris
1038 1689 1241 1738 impeditos
1283 1689 1445 1726 turbant.

88 1763 111 1796 ⁰1
134 1761 247 1803 atque
280 1753 331 1791 illi
364 1754 597 1792 conscientia
627 1754 840 1792 rebellionis
866 1761 903 1791 et
933 1754 1125 1803 obsaeptis
1153 1753 1302 1802 effugiis
1329 1753 1448 1791 multa
1467 1765 1505 1798 25

133 1825 170 1856 et
194 1818 295 1856 clara
319 1817 489 1856 facinora
513 1819 646 1864 fecere,
674 1831 752 1869 qua
779 1831 911 1868 pugna
939 1818 1035 1856 filius
1060 1819 1173 1868 legati
1197 1817 1254 1854 M.
1275 1817 1448 1857 Ostorius

134 1883 269 1921 servati
289 1883 379 1920 civis
399 1883 518 1921 decus
536 1883 685 1921 meruit.

188 1952 256 1987 32.
286 1947 464 1986 Ceterum
494 1948 602 1986 clade
632 1948 838 1986 Icenorum
867 1949 1068 1998 compositi
1097 1949 1162 1998 qui
1186 1948 1326 1986 bellum
1352 1949 1449 1985 inter

134 2018 172 2050 et
208 2024 343 2062 pacem
382 2012 629 2059 dubitabant;
679 2020 715 2050 et
753 2013 889 2051 ductus
928 2014 967 2050 in
1005 2012 1212 2062 Decangos
1249 2013 1446 2050 exercitus.

94 2089 117 2118 2
133 2077 265 2115 vastati
292 2077 384 2126 agri,
406 2077 570 2126 praedae
590 2078 734 2127 passim
754 2084 871 2123 actae,
892 2089 972 2115 non
991 2078 1092 2115 ausis
1114 2077 1237 2114 aciem
1262 2077 1444 2123 hostibus,
1465 2089 1507 2121 30

134 2141 191 2179 vel
224 2141 256 2179 si
285 2153 332 2178 ex
362 2141 512 2180 occulto
541 2154 696 2192 carpere
729 2154 869 2192 agmen
902 2148 1142 2191 temptarent,
1179 2142 1312 2191 punito
1343 2142 1443 2180 dolo.

91 2219 115 2250 8
133 2206 284 2256 iamque
310 2212 466 2244 ventum
491 2206 594 2244 haud
619 2207 754 2256 procul
780 2207 876 2244 mari
902 2206 1007 2257 quod
1035 2206 1260 2244 Hiberniam
1282 2206 1445 2244 insulam

135 2277 314 2320 aspectat,
355 2282 443 2308 cum
484 2277 587 2309 ortae
626 2271 726 2320 apud
766 2270 968 2320 Brigantas
1010 2270 1221 2309 discordiae
1258 2277 1444 2309 retraxere
