1643 2655
416 115 654 147 CORNELII
685 115 851 147 TACJTJ
877 115 1151 147 ANNALIUM
1203 107 1342 161 [A.U.C.
1364 117 1437 148 800.

178 223 214 257 3.
246 217 320 256 Sed
337 218 563 257 consultanti
583 232 695 270 super
715 219 952 257 absolutione
974 219 1129 256 Asiatici
1146 219 1241 256 flens
1254 218 1439 265 Vitellius,

124 291 423 323 commemorata
448 291 630 323 vetustate
657 284 846 322 amicitiae
874 291 991 334 utque
1020 283 1231 321 Antoniam
1259 283 1438 333 principis

121 357 284 387 matrem
324 350 463 399 pariter
502 350 816 395 observavissent‚
856 349 943 387 dein
982 349 1166 398 percursis
1203 349 1356 386 Asiatici
1400 350 1438 386 in

122 427 202 453 rem
229 415 421 464 publicam
441 415 574 453 officiis
594 416 812 464 recentique
833 414 1014 452 adversus
1040 413 1276 451 Britanniam
1296 414 1437 460 militia,

83 496 102 529 5
124 492 298 530 quaeque
327 480 399 518 alia
425 480 686 518 conciliandae
715 479 994 518 misericordiae
1017 479 1252 524 videbantur,
1280 478 1437 516 liberum

123 546 255 583 mortis
284 546 478 583 arbitrium
507 546 542 582 ei
572 545 764 595 permisit;
799 551 836 582 et
865 552 993 583 secuta
1021 551 1109 581 sunt
1143 543 1293 581 Claudii
1326 544 1440 581 verba

121 611 160 647 in
211 611 374 648 eandem
423 611 677 648 clementiam.
736 609 977 648 hortantibus
1024 609 1162 647 dehinc
1210 609 1481 659 quibusdam2

121 675 285 713 inediam
323 683 360 713 et
396 675 522 713 lenem
561 676 715 721 exitum,
755 675 943 713 remittere
983 674 1211 712 beneficium
1251 674 1441 711 Asiaticus

122 740 195 778 ait:
237 747 273 778 et
309 741 497 790 usurpatis
532 741 670 790 quibus
703 741 917 778 insueverat
956 739 1299 786 exercitationibus,
1336 739 1440 776 lauto

65 821 104 844 10
122 817 293 856 corpore,
323 805 440 843 hilare
466 806 650 855 epulatus,
673 817 760 843 cum
785 818 824 843 se
851 805 1046 843 honestius
1073 804 1274 842 calliditate
1295 803 1442 841 Tiberii

121 870 179 908 vel
217 871 360 920 impetu
398 870 472 908 Gai
512 870 685 909 Caesaris
724 871 930 920 periturum
972 870 1138 916 dixisset,
1180 881 1297 919 quam
1335 868 1442 918 quod

123 935 253 974 fraude
299 936 471 974 muliebri
514 942 551 973 et
594 936 778 985 inpudico
826 935 965 973 Vitellii
1004 947 1069 972 ore
1118 934 1282 981 caderet,
1327 946 1442 972 venas

123 1001 293 1047 exsolvit,
323 1002 405 1038 viso
439 1008 570 1038 tamen
604 1008 691 1038 ante
725 1013 820 1050 rogo
856 1001 1036 1050 iussoque
1070 999 1259 1037 transferri
1291 1006 1442 1050 partem

123 1066 162 1102 in
202 1065 326 1112 aliam,
356 1078 404 1103 ne
443 1066 612 1115 opacitas
650 1066 830 1104 arborum
867 1077 1007 1116 vapore
1045 1065 1142 1114 ignis
1183 1065 1442 1104 minueretur:

67 1141 105 1173 15
123 1137 272 1168 tantum
300 1131 351 1168 illi
381 1131 591 1169 securitatis
621 1131 849 1169 novissimae
877 1131 956 1169 fuit.

176 1200 216 1234 4.
246 1196 445 1234 Vocantur
474 1202 562 1246 post
590 1196 686 1234 haec
715 1202 852 1247 patres,
885 1196 1086 1246 pergitque
1122 1195 1274 1234 Suillius
1301 1195 1442 1234 addere

123 1273 210 1299 reos
243 1262 389 1311 equites
424 1261 626 1299 Romanos
666 1262 850 1308 inlustres,
885 1261 1022 1312 quibus
1062 1260 1172 1299 Petra
1206 1273 1440 1310 cognomen-

123 1333 216 1364 tum.
275 1332 312 1364 at
341 1337 456 1363 causa
482 1327 586 1365 necis
614 1339 662 1364 ex
686 1339 745 1373 eo,
773 1327 879 1377 quod
908 1327 1067 1365 domum
1097 1339 1206 1364 suam
1236 1325 1442 1364 Mnesteris
1460 1333 1482 1363 2

125 1397 163 1428 et
196 1391 399 1440 Poppaeae
433 1392 702 1441 congressibus
735 1392 1010 1441 praebuissent.
1068 1403 1199 1429 verum
1234 1398 1441 1430 nocturnae
1460 1399 1482 1428 3

67 1471 107 1494 20
125 1456 261 1506 quietis
292 1456 438 1505 species
473 1456 577 1494 alteri
616 1457 777 1503 obiecta,
811 1464 1010 1506 tamquam
1048 1456 1200 1494 vidisset
1239 1456 1442 1494 Claudium

125 1521 254 1570 spicea
304 1532 448 1558 corona
499 1521 700 1567 evinctum,
753 1521 865 1571 spicis
913 1527 1013 1559 retro
1064 1522 1269 1566 conversis,
1320 1533 1441 1571 eaque

125 1585 291 1634 imagine
329 1585 551 1634 gravitatem
589 1598 768 1624 annonae
806 1586 1067 1635 praedixisset.
1134 1586 1292 1636 quidam
1334 1597 1441 1636 pam·
1459 1593 1484 1623 4

125 1651 280 1700 pineam
317 1662 503 1688 coronam
541 1650 755 1688 albentibus
792 1650 892 1689 foliis
929 1652 1048 1689 visam
1087 1658 1198 1702 atque
1240 1652 1292 1689 ita
1329 1651 1441 1689 inter-

125 1722 316 1765 pretatum
357 1715 555 1761 tradidere,
594 1722 775 1765 vergente
823 1723 1009 1754 autumno
1054 1723 1218 1755 mortem
1263 1716 1442 1765 principis

69 1795 107 1827 25
126 1781 286 1819 ostendi.
341 1781 434 1818 illud
462 1781 564 1819 haud
598 1782 809 1830 ambigitur,
841 1782 1111 1832 qualicumque
1146 1782 1340 1819 insomnio
1372 1781 1482 1830 ipsi5

126 1846 302 1896 fratrique
349 1846 555 1895 perniciem
602 1847 780 1884 adlatam.
851 1847 1065 1884 sestertium
1111 1846 1358 1895 quindeciens
1405 1852 1442 1884 et

126 1912 290 1961 insignia
327 1918 526 1961 praeturae
564 1910 742 1961 Crispino
772 1911 935 1950 decreta.
992 1911 1130 1949 adiecit
1162 1911 1338 1949 Vitellius
1366 1919 1484 1949 ses-6

127 1977 278 2015 tertium
307 1976 458 2014 deciens
489 1976 649 2022 Sosibio,
670 1977 775 2026 quod
804 1976 1064 2014 Britannicum
1084 1977 1306 2026 praeceptis,
1329 1976 1442 2014 Clau-

129 2041 235 2079 dium
260 2042 426 2080 consiliis
450 2042 604 2080 iuvaret.
660 2048 815 2091 rogatus
844 2042 1072 2079 sententiam
1098 2049 1135 2079 et
1166 2040 1306 2090 Scipio,
1327 2045 1337 2061 ‘
1353 2053 1442 2079 cum
1459 2049 1481 2080 ’1

69 2118 112 2150 30
129 2105 251 2144 idem'
282 2107 403 2156 inquit
434 2106 506 2144 ‘de
538 2106 712 2144 admissis
741 2106 942 2156 Poppaeae
971 2107 1131 2143 sentiam
1160 2106 1265 2155 quod
1294 2118 1440 2154 omnes,

127 2177 257 2220 putate
283 2183 346 2209 me
370 2171 472 2209 idem
500 2171 625 2210 dicere
644 2171 748 2220 quod
774 2168 932 2218 omnes,'
957 2170 1120 2220 eleganti
1139 2177 1441 2220 temperamento

127 2236 223 2274 inter
242 2236 482 2285 coniugalem
502 2248 674 2274 amorem
693 2241 731 2274 et
750 2236 981 2275 senatoriam
1002 2235 1279 2274 necessitatem.

182 2304 221 2340 ὅ.
253 2300 465 2339 Continuus
509 2300 596 2339 inde
641 2306 678 2339 et
721 2312 854 2339 saevus
900 2301 1126 2339 accusandis
1169 2301 1241 2339 reis
1287 2299 1441 2339 Suillius
