1634 2640
107 120 282 177 ωτι-εει]
375 130 528 162 LIBER
552 129 611 161 Vl·
672 123 1148 175 CAP·33(39)-37(43)-

105 245 186 285 quo
205 233 351 271 brevius
370 232 505 279 valent,
526 233 646 270 contis
667 232 876 282 gladiisque
898 240 1067 278 ruerent;
1099 235 1213 271 morlo
1234 236 1417 284 equestris

106 298 238 350 proelii
259 310 365 337 more
386 297 519 336 frontis
549 304 586 336 et
614 298 708 347 tergi
729 298 838 343 vices,
861 297 1066 347 aliquando
1086 306 1126 336 ut
1146 307 1317 337 conserta
1338 301 1417 338 acie

66 370 88 400 8
106 363 331 414 corporibus
351 370 387 401 et
411 363 522 412 pulsu
549 375 741 400 armorum
771 362 950 412 pellerent
980 363 1213 411 pellerentur.
1270 365 1418 413 iamque

106 436 144 468 et
166 428 308 467 Albani
336 428 547 478 Hiberique
577 440 767 478 prensare,
789 427 997 474 detrudere,
1018 428 1220 477 ancipitem
1251 441 1418 478 pugnam

107 494 278 533 hostibus
304 494 437 539 facere,
467 505 566 543 quos
595 505 706 543 super
727 505 844 544 eques
872 501 908 531 et
937 493 1177 542 propioribus
1207 493 1420 531 vulneribus
1438 504 1457 538 5

65 559 254 610 ‘pedites
291 559 547 598 adflictabant.
604 558 700 596 inter
737 571 834 608 quae
873 558 1152 597 Pharasmanes
1187 558 1419 608 Orodesque,

107 625 200 663 dum
225 625 388 663 strenuis
412 623 551 662 adsunt
579 630 642 662 aut
671 623 929 661 dubitantibus
957 624 1194 670 subveniunt,
1224 624 1421 674 conspicui

107 702 230 740 eoque
278 689 398 740 gnari,
438 689 605 728 clamore
653 689 732 727 telis
779 689 885 739 equis
933 697 1173 735 concurrunt,
1222 689 1420 726 instantius

67 754 412 801 5Pharasmanes5
442 767 533 793 nam
562 754 696 792 vulnus
726 767 794 804 per
815 753 966 803 galeam
996 754 1132 803 adegit.
1190 766 1260 791 nec
1288 754 1420 791 iterare

107 820 232 866 valuit,
255 821 443 870 praelatus
470 833 572 871 equo
601 827 638 858 et
665 820 880 858 fortissimis
907 819 1106 857 satellitum
1136 820 1421 868 protegentibus
1443 833 1481 857 10

108 886 302 924 saucium:
333 885 434 924 fama
463 893 592 924 tamen
623 886 736 924 occisi
765 884 861 923 falso
889 884 1030 923 credita
1059 884 1237 922 exterruit
1264 883 1421 922 Parthos

109 950 380 1002 victoriamque
401 964 632 990 concessere.

164 1020 219 1055 36
257 1014 355 1067 (42).
413 1016 510 1056 Mox
548 1017 769 1054 Artabanus
807 1022 887 1054 tota
928 1015 1029 1054 mole
1068 1015 1174 1065 regni
1211 1015 1331 1053 ultum
1369 1015 1420 1052 iit.

110 1081 243 1131 peritia
278 1081 450 1120 locorum
487 1083 535 1120 ab
575 1082 730 1120 Hiberis
768 1081 902 1119 melius
941 1087 1176 1131 pugnatumg
1223 1093 1294 1118 nec
1335 1080 1421 1118 ideo

110 1146 352 1193 abscedebat,
392 1147 431 1185 ni
469 1148 671 1186 contractis
714 1147 926 1197 legionibus
969 1146 1143 1184 Vitellius
1189 1153 1225 1183 et
1270 1145 1421 1183 subdito
1443 1159 1480 1191 15

110 1223 273 1258 rumore,
294 1219 491 1263 tamquam
513 1212 836 1262 Mesopotamiam
856 1212 1066 1257 invasurus,
1088 1218 1234 1249 metum
1255 1210 1419 1248 Romani

69 1284 92 1314 2
110 1277 197 1316 belli
222 1277 382 1316 fecisset.
440 1285 521 1315 tum
549 1278 690 1316 omissa
716 1277 898 1314 Armenia
923 1288 1128 1325 versaeque
1148 1275 1331 1313 Artabani
1351 1287 1421 1320 res,

110 1342 299 1381 inliciente
329 1342 484 1381 Vitellio
513 1342 728 1380 desererent
757 1353 886 1392 regern
916 1353 1071 1379 saevum
1100 1341 1139 1378 in
1167 1352 1262 1391 pace
1292 1347 1328 1378 et
1357 1340 1422 1378 ad·

70 1408 225 1446 aversis
252 1407 483 1458 proeliorum
517 1408 731 1446 exitiosum.
790 1407 902 1456 igitur
934 1406 1130 1452 Sinnaces,
1161 1418 1276 1456 quem
1311 1412 1423 1443 antea

110 1472 301 1511 infensum
335 1473 554 1519 memoravi,
585 1480 732 1523 patrem
761 1472 1019 1521 Abdagaesen
1052 1471 1221 1521 aliosque
1253 1471 1422 1509 occultos
1443 1483 1484 1505 20

111 1537 257 1576 consilii
276 1545 314 1576 et
333 1544 424 1576 tunc
444 1538 634 1576 continuis
650 1537 822 1575 cladibus
839 1537 1092 1586 promptiores
1108 1537 1155 1574 ad
1171 1536 1422 1574 defectionem

110 1603 233 1649 trahit,
265 1603 522 1641 adfluentibus
555 1603 737 1652 paulatim
768 1602 833 1652 qui
865 1609 968 1640 metu
1002 1602 1125 1651 magis
1159 1613 1274 1651 quarn
1308 1601 1422 1638 bene-

69 1674 95 1704 4
112 1668 277 1707 volentia
296 1667 454 1706 subiecti
475 1669 630 1717 repertis
650 1668 863 1706 auctoribus
880 1666 1105 1705 sustulerant
1125 1667 1308 1704 animum.
1352 1678 1423 1703 nec

112 1734 188 1772 iam
226 1733 328 1771 aliud
365 1733 566 1772 Artabano
606 1733 794 1783 reliquum
833 1744 949 1782 quam
996 1733 1027 1770 si
1071 1732 1136 1781 qui
1179 1738 1423 1771 externorum

111 1798 263 1849 corpori
283 1798 461 1837 custodes
480 1799 650 1845 aderant,
671 1799 747 1836 suis
768 1798 929 1848 quisque
954 1797 1108 1835 sedibus
1136 1803 1318 1842 extorres,
1339 1795 1423 1845 quis
1442 1807 1481 1839 25

112 1876 237 1914 neque
257 1864 348 1902 boni
367 1863 584 1902 intellectus
604 1876 729 1913 neque
750 1863 840 1900 mali
860 1875 961 1909 cura,
985 1862 1052 1900 sed
1078 1862 1256 1900 mercede
1276 1861 1424 1899 aluntur

72 1938 95 1968 5
112 1929 272 1967 ministri
300 1929 514 1967 sceleribus.
571 1929 629 1967 his
658 1928 871 1978 adsumptis
900 1928 939 1965 in
968 1928 1179 1977 longinqua
1208 1934 1246 1965 et
1274 1932 1424 1964 conter-

112 1994 216 2032 mina
244 1993 421 2044 Scythiae
451 1994 582 2044 sugam
611 1994 820 2040 maturavit,
850 2005 918 2043 spe
946 1993 1084 2039 auxilii,
1115 1993 1205 2042 quia
1234 1991 1425 2041 Hyrcanis

112 2059 401 2110 Carmaniisque
429 2072 496 2110 per
525 2059 761 2098 adfinitatem
794 2058 956 2096 innexus
990 2064 1089 2095 erat:
1133 2064 1247 2107 atque
1277 2055 1425 2094 interim

111 2136 225 2175 posse
253 2123 414 2163 Parthos
443 2125 656 2163 absentium
685 2135 840 2175 aequos,
871 2122 1135 2173 praesentibus
1168 2120 1343 2168 mobiles,
1375 2120 1425 2158 ad
1442 2130 1485 2163 30

113 2189 383 2239 paenitentiam
412 2191 556 2228 mutari.

167 2259 221 2296 8¹7
240 2253 340 2307 (43).
367 2255 419 2293 At
438 2255 609 2294 Vitellius
628 2255 793 2306 profugo
813 2253 1012 2292 Artabano
1031 2259 1068 2291 et
1086 2251 1194 2290 flexis
1214 2251 1264 2290 ad
1283 2262 1424 2290 novum

113 2332 244 2370 regem
269 2320 509 2371 popularium
534 2320 682 2366 animis,
706 2321 877 2359 hortatus
905 2317 1105 2356 Tiridaten
1132 2323 1264 2367 parata
1292 2327 1423 2366 capes-

736 2392 761 2418 G
784 2392 802 2416 2
