1634 2640
132 127 206 154 zm.
227 111 298 167 μὴ]
444 119 593 151 LIBER
609 119 675 151 XI.
710 120 808 150 CAP.
827 115 1018 162 38—Xll.
1054 129 1136 165 1-3.

645 362 806 400 LIBER
842 363 931 401 XII.

185 495 219 529 1.
251 490 387 540 Canna
413 490 644 528 Messalinae
664 490 844 528 convulsa
864 491 1044 541 principis
1065 492 1215 538 domus,
1236 500 1320 531 orto
1342 493 1442 542 apud

132 556 286 593 libertos
316 557 534 602 certamine,
563 556 647 605 quis
677 556 857 605 deligeret
891 568 1051 594 uxorem
1081 558 1257 604 Claudio,
1289 559 1442 596 caelibis

93 631 115 659 2
132 620 225 658 vitae
245 620 456 658 intoleranti
476 627 513 658 et
538 621 746 670 coniugum
775 622 942 671 imperiis
963 623 1142 661 obnoxio.
1202 636 1271 661 nec
1294 625 1443 661 minore

130 686 274 724 ambitu
303 685 466 723 feminae
495 693 734 724 exarserant:
765 698 872 724 suam
902 700 1074 738 quaeque
1107 689 1340 726 nobilitatem
1369 689 1443 726 for-

129 763 230 788 mam
255 763 350 800 opes
375 751 602 789 contendere
627 764 670 789 ac
697 751 814 801 digna
838 759 945 790 tanto
969 754 1212 791 matrimonio
1241 760 1440 791 ostentare.
1461 763 1480 795 5

88 825 110 854 3
129 817 196 855 sed
222 817 389 855 maxime
413 817 678 866 ambigebatur
704 818 800 854 inter
830 816 994 856 Lolliam
1019 818 1216 856 Paulinam
1247 819 1301 856 M.
1333 818 1442 857 Lollii

128 882 341 920 consularis
394 889 430 920 et
480 882 617 919 Iuliam
669 882 921 932 Agrippinam
971 883 1202 921 Germanico
1252 885 1440 933 genitam:

129 946 217 984 huic
245 947 380 992 Pallas,
407 947 458 984 illi
487 947 665 985 Callistus
691 948 854 986 fautores
883 948 1062 995 aderant;
1094 956 1130 986 at
1153 949 1260 986 Aelia
1287 948 1442 986 Paetina

85 1019 108 1048 4
126 1024 146 1049 e
173 1011 315 1049 familia
345 1012 600 1050 Tuberonum
629 1012 811 1050 Narcisso
842 1013 1047 1051 fovebatur.
1104 1014 1184 1062 ipse
1213 1013 1286 1051 huc
1313 1014 1441 1061 modo,

126 1075 244 1113 modo
283 1075 381 1122 illuc,
421 1083 461 1114 ut
499 1089 690 1126 quemque
730 1077 967 1114 suadentium
1012 1077 1190 1124 audierat,
1228 1086 1441 1128 promptus,
1462 1090 1501 1113 10

126 1141 387 1179 discordantes
422 1142 460 1179 in
491 1142 692 1180 consilium
723 1148 832 1179 vocat
863 1154 906 1180 ac
938 1154 1114 1192 promere
1143 1143 1370 1181 sententiam
1404 1150 1441 1182 et

126 1205 274 1244 adicere
295 1207 460 1244 rationes
480 1207 592 1244 iubet.

179 1275 219 1308 2.
250 1269 449 1308 Narcissus
474 1277 579 1309 vetus
602 1272 897 1319 matrimonium,
923 1272 1038 1310 filiam
1059 1284 1305 1311 communem
1333 1276 1439 1321 (nam

124 1334 292 1374 Antonia
329 1347 376 1373 ex
411 1335 568 1374 Paetina
601 1335 708 1386 erat),
743 1336 834 1374 nihil
872 1338 911 1374 in
949 1338 1148 1387 penatibus
1178 1339 1259 1376 eius
1297 1351 1438 1376 novum

125 1399 342 1447 disserebat,
377 1400 408 1438 si
443 1407 550 1438 sueta
587 1401 755 1439 coniunx
794 1402 940 1447 rediret,
980 1402 1277 1452 haudquaquam
1308 1415 1438 1442 nover-
1460 1414 1497 1446 15

125 1465 269 1503 calibus
307 1465 404 1503 odiis
434 1466 558 1503 visura
593 1464 866 1514 Britannicum,
901 1467 1112 1514 Octaviam,
1152 1468 1327 1517 proxima
1364 1469 1439 1506 suis

84 1541 106 1570 2
124 1530 294 1580 pignora.
350 1530 526 1568 Callistus
554 1531 795 1579 inprobatam
822 1532 939 1581 longo
965 1532 1136 1579 discidio,
1159 1545 1204 1571 ac
1234 1535 1264 1571 si
1290 1546 1439 1571 rursum

124 1594 394 1642 adsumeretur,
426 1607 472 1633 eo
507 1595 590 1644 ipso
621 1596 849 1645 superbam;
880 1597 1072 1647 longeque
1104 1598 1241 1636 rectius
1276 1598 1438 1636 Lolliam

123 1659 261 1705 induci,
282 1659 437 1710 quando
465 1659 588 1698 nullos
611 1660 749 1699 liberos
772 1662 975 1710 genuisset,
998 1674 1157 1700 vacuam
1183 1663 1437 1701 aemulatione

82 1735 104 1765 8
124 1731 160 1762 et
187 1724 367 1774 privignis
390 1725 557 1774 parentis
587 1725 674 1764 loco
698 1725 873 1765 futuram.
930 1734 968 1764 at
992 1726 1115 1765 Pallas
1143 1728 1182 1765 id
1204 1729 1370 1766 maxime
1397 1729 1436 1766 in
1454 1738 1497 1762 20

122 1789 334 1839 Agrippina
353 1789 518 1836 laudare,
539 1790 643 1840 quod
664 1789 884 1830 Germanici
904 1799 1084 1841 nepotem
1110 1805 1243 1831 secum
1263 1793 1435 1841 traheret,

122 1853 281 1903 dignum
313 1866 470 1904 prorsus
507 1855 750 1904 imperatoria
790 1855 962 1895 fortuna:
1009 1858 1164 1908 stirpem
1194 1858 1363 1897 nobilem
1399 1865 1437 1897 et

122 1918 284 1957 familiae
310 1918 433 1958 Iuliae
458 1919 716 1970 Claudiaeque
743 1927 916 1971 posteros
946 1923 1203 1972 coniungeret,
1224 1936 1273 1962 ne
1296 1924 1436 1963 femina

121 1991 299 2034 expertae
320 1984 570 2032 fecunditatis,
591 1986 737 2035 integra
763 1987 924 2033 iuventa,
947 1987 1208 2026 claritudinem
1229 1988 1433 2028 Caesarum

121 2049 233 2087 aliam
252 2049 291 2087 in
310 2049 469 2088 domum
488 2050 608 2089 ferret.
1454 2065 1492 2099 25

176 2118 214 2152 3.
245 2112 490 2153 Praevaluere
511 2115 603 2154 haec
625 2117 753 2155 adiuta
774 2117 1008 2168 Agrippinae
1031 2118 1252 2158 inlecebris:
1283 2120 1331 2158 ad
1346 2132 1434 2158 eum

120 2191 188 2229 per
200 2180 366 2229 speciem
380 2181 671 2219 necessitudinis
692 2183 826 2220 crebro
847 2183 1066 2222 ventitando
1087 2184 1227 2233 pellicit
1244 2192 1432 2234 patruum,

120 2250 161 2282 ut
198 2244 364 2294 praelata
402 2246 534 2284 ceteris
572 2253 609 2284 et
647 2248 822 2285 nondum
857 2260 954 2286 uxor
990 2249 1158 2297 potentia
1192 2251 1325 2288 uxoria
1357 2251 1432 2288 iam

80 2322 102 2352 2
120 2315 297 2348 uteretur.
354 2321 445 2347 narn
464 2311 528 2348 ubi
556 2312 613 2349 sui
641 2313 870 2351 matrimonii
894 2319 997 2351 certa
1025 2313 1102 2360 fuit,
1123 2321 1264 2352 struere
1290 2316 1432 2353 maiora

197 2385 258 2409 12⁴⁹
1309 2386 1324 2413 1
