1643 2655
458 99 696 131 CORNELII
725 99 898 130 TACJTJ
921 81 1197 130 ANNAL‘JUM
1249 89 1388 144 [mue.
1411 99 1485 129 801.

168 200 378 246 Narcissus,
393 208 449 239 set
469 202 592 240 solum
612 202 650 239 id
672 202 889 247 immutans,
912 214 959 239 ne
980 212 1058 250 quo
1078 212 1252 238 sermone
1273 200 1486 250 praesciam

167 267 335 305 criminis
358 273 393 305 et
416 267 649 306 accusatoris
678 267 829 304 faceret.
872 268 950 315 ipse
979 266 1027 303 ad
1057 266 1278 304 occasiones
1307 267 1486 311 intentus,
1503 274 1524 303 3

167 332 282 382 longa
311 332 413 382 apud
435 332 584 372 Ostiam
605 333 778 371 Caesaris
807 344 925 378 mora,
950 332 1042 369 duas
1069 331 1245 381 paelices,
1267 342 1428 382 quarum
1455 330 1486 367 is

167 398 315 447 corpori
342 398 508 436 maxime
538 399 762 443 insueverat,
784 398 983 447 largitione
1013 408 1058 434 ac
1089 397 1286 446 promissis
1314 403 1350 434 et
1368 407 1487 434 uxore

130 474 148 506 5
168 462 311 501 deiecta
329 464 414 513 plus
434 464 627 514 potentiae
649 463 878 501 ostentando
900 462 1065 512 perpulit
1085 461 1316 500 delationem
1337 462 1471 499 subire.

220 533 289 567 30.
320 529 433 566 Exim
453 528 660 578 Calpurnia
690 527 745 580 <id
772 528 904 577 paelici
925 527 1097 578 nomen),
1119 528 1185 564 ubi
1212 527 1343 564 datum
1366 538 1487 564 secre-

167 600 258 638 tum,
288 594 448 643 genibus
478 594 651 632 Caesaris
681 594 880 643 provoluta
910 594 1083 642 nupsisse
1114 592 1366 630 Messalinam
1394 590 1486 629 Silio

167 659 354 696 exclamat
368 672 377 705 3
409 659 519 696 simul
540 659 794 708 Cleopatram,
818 671 915 709 quae
940 659 978 695 id
1003 659 1204 708 opperiens
1229 658 1414 703 adstabat,
1436 668 1485 694 an
1503 662 1525 691 2

167 725 412 773 comperisset
441 725 660 773 interrogat,
690 731 803 774 atque
834 724 896 761 illa
925 724 1114 761 adnuente
1145 724 1233 761 cieri
1263 722 1487 760 Narcissum

112 801 151 824 10
168 787 343 835 postulat.
400 788 432 824 is
460 788 610 824 veniam
635 787 673 824 in
701 788 946 836 praeteritum
976 793 1118 835 petens,
1140 786 1245 835 quod
1269 786 1304 823 ei
1322 784 1485 831 Vettios,
1505 793 1527 821 3

169 851 334 890 Plautios
364 852 682 898 dissimulavisset‚
716 864 787 889 nec
817 863 920 888 nunc
951 851 1131 888 adulteria
1161 851 1398 888 obiecturum
1426 850 1488 895 ait,

167 917 309 954 nedum
330 917 488 955 domum
509 918 657 955 servitia
673 923 710 954 et
732 923 878 954 ceteros
896 916 1071 953 fortunae
1091 922 1243 965 paratus
1263 920 1488 964 reposceret.

167 981 348 1019 frueretur
367 983 487 1019 immo
508 982 576 1028 his,
600 988 655 1019 set
674 981 849 1019 redderet
870 993 1029 1019 uxorem
1051 987 1321 1030 rumperetque
1340 979 1488 1017 tabulas
1505 984 1529 1012 4

167 1044 364 1092 nuptiales.
424 1047 491 1082 ‘an
512 1043 731 1082 discidium’
745 1044 866 1093 inquit
881 1047 1006 1081 ‘tuum
1028 1044 1150 1081 nosti?
1182 1055 1271 1080 nam
1290 1043 1488 1080 matrimo-
1505 1049 1527 1078 5

111 1124 148 1155 15
167 1108 272 1145 nium
301 1107 378 1145 Silii
400 1109 490 1146 vidit
519 1109 683 1158 populus
713 1115 750 1146 et
779 1114 932 1146 senatus
961 1113 999 1145 et
1027 1108 1159 1155 miles;
1189 1120 1235 1145 ac
1260 1108 1301 1145 ni
1327 1119 1489 1157 propere

167 1174 258 1223 agis,
285 1180 385 1211 tenet
400 1175 533 1211 urbem
554 1171 734 1211 maritus.'

221 1243 283 1277 31.
314 1237 421 1277 Tum
450 1239 691 1288 potissimum
719 1251 889 1288 quemque
916 1239 1126 1276 amicorum
1155 1246 1274 1285 vocat,
1303 1238 1488 1288 primum-

167 1317 241 1354 que
274 1305 326 1342 rei
359 1305 626 1342 frumentariae
662 1304 895 1354 praefectum
933 1304 1180 1351 Turranium,
1211 1310 1298 1354 post
1330 1303 1489 1341 Lusium

167 1369 306 1407 Getam
339 1370 586 1420 praetorianis
614 1370 821 1419 inpositum
852 1375 1107 1418 percontatur.
1166 1370 1251 1419 quis
1284 1369 1488 1407 fatentibus
1507 1377 1528 1406 2

110 1447 150 1468 20
168 1435 338 1472 certatim
385 1435 499 1473 ceteri
545 1436 882 1485 circumstrepunt;
944 1435 1012 1472 iret
1059 1435 1097 1471 in
1145 1441 1279 1481 castra,
1323 1435 1489 1472 firmaret

167 1501 377 1549 praetorias
397 1500 588 1547 cohortes,
610 1501 797 1538 securitati
817 1507 904 1538 ante
925 1512 1040 1550 quam
1056 1501 1243 1538 vindictae
1264 1500 1488 1538 consuleret.

168 1566 258 1603 satis
297 1572 444 1603 constat
482 1577 528 1603 eo
566 1578 706 1615 pavore
746 1565 912 1603 offusum
951 1565 1164 1611 Claudium,
1204 1572 1244 1603 ut
1281 1565 1530 1603 identidem3

167 1632 424 1680 interrogaret,
446 1643 495 1668 an
522 1632 603 1681 ipse
630 1631 778 1680 imperii
805 1637 954 1680 potens,
975 1642 1024 1667 an
1053 1630 1165 1668 Silius
1190 1630 1355 1679 privatus
1379 1638 1488 1669 esset.

168 1702 204 1732 at
250 1695 459 1733 Messalina
505 1708 584 1734 non
630 1696 723 1733 alias
771 1695 928 1733 solutior
974 1695 1078 1741 luxu,
1125 1695 1256 1732 adulto
1302 1700 1489 1733 autumno
1505 1704 1529 1733 4

110 1771 148 1803 25
168 1761 412 1798 simulacrum
431 1761 642 1799 vindemiae
662 1773 729 1809 per
747 1761 907 1799 domum
928 1761 1152 1798 celebrabat.
1200 1760 1353 1809 urgueri
1371 1760 1486 1809 prela,
1503 1768 1527 1799 5

167 1826 281 1862 fluere
313 1826 441 1872 lacus3
485 1833 522 1863 et
554 1825 719 1863 feminae
753 1826 914 1875 pellibus
949 1826 1142 1863 accinctae
1176 1824 1417 1863 adsultabant
1447 1832 1488 1863 ut

167 1891 418 1928 sacrificantes
434 1891 491 1928 vel
506 1891 738 1929 insanientes
754 1890 929 1928 Bacchae
942 1904 952 1937 3
977 1892 1060 1941 ipsa
1079 1890 1180 1928 crine
1195 1891 1300 1928 fluxo
1315 1891 1487 1939 thyrsum

167 1955 351 2006 quatiens,
383 1956 565 2006 iuxtaque
600 1956 710 1994 Silius
741 1956 881 1994 hedera
914 1957 1071 2002 vinctus,
1104 1969 1231 2005 gerere
1266 1956 1485 2004 cothurnos,

169 2022 289 2058 iacere
310 2028 435 2070 caput,
452 2027 640 2070 strepente
656 2022 799 2059 circum
819 2022 972 2071 procaci
993 2021 1122 2059 choro.
1174 2021 1298 2058 ferunt
1317 2021 1488 2059 Vettium
1505 2028 1529 2056 6

111 2095 151 2126 30
169 2086 369 2124 Valentem
402 2086 554 2124 lascivia
587 2087 627 2123 in
659 2088 868 2136 praealtam
902 2089 1079 2125 arborem
1112 2088 1297 2133 conisum‚
1329 2087 1486 2125 interro-

168 2152 343 2202 gantibus
374 2152 467 2201 quid
498 2153 694 2201 aspiceret,
729 2153 972 2202 respondisse
1003 2159 1268 2201 tempestatem
1299 2153 1348 2190 ab
1379 2153 1488 2191 Ostia

167 2224 348 2262 atrocem,
383 2217 460 2254 sive
498 2224 675 2266 coeperat
707 2230 754 2255 ea
786 2218 941 2267 species,
975 2229 1042 2256 seu
1073 2218 1169 2256 forte
1203 2218 1309 2267 lapsa
1341 2229 1415 2255 vox
1447 2217 1487 2255 in

168 2283 410 2332 praesagium
428 2283 546 2319 vertit.
