1643 2655
458 113 694 146 CORNELII
724 115 894 147 TACJTJ
918 116 1193 148 ANNALIUM
1269 108 1407 162 [A.u.c.
1429 119 1502 151 802.

184 216 286 254 virile
317 218 526 256 servitium:
557 219 684 268 palam
715 220 893 257 severitas
923 233 966 257 ac
998 221 1147 269 saepius
1179 221 1378 270 superbia;
1409 219 1501 258 nihil

184 280 288 320 domi
308 283 542 333 inpudicum,
556 285 627 322 nisi
648 285 897 323 dominationi
913 286 1115 334 expediret.
1164 287 1305 335 cupido
1326 287 1406 323 auri
1424 287 1494 323 im·
1517 295 1539 326 7

183 359 315 385 mensa
327 349 526 386 obtentum
550 350 723 396 habebat,
739 351 848 400 quasi
869 351 1078 388 subsidium
1100 363 1218 400 regno
1240 361 1444 401 pararetur.

237 416 277 451 8.
306 412 380 451 Die
411 415 626 463 nuptiarum
658 414 807 451 Silanus
837 422 1000 452 mortem
1031 415 1100 451 sibi
1130 416 1323 461 conscivit,
1353 416 1429 452 sive
1453 426 1500 453 eo

143 487 163 520 5
180 489 302 527 usque
325 490 432 527 spem
456 480 550 516 vitae
579 480 818 528 produxerat,
847 492 913 517 seu
941 480 1100 517 delecto'
1117 480 1178 517 die
1206 480 1423 530 augendam
1451 480 1500 518 ad

180 543 367 581 invidiam.
417 544 574 582 Calvina
587 557 694 583 soror
709 546 788 583 eius
801 545 907 582 Italia
920 545 1029 594 pulsa
1044 553 1109 583 est.
1160 546 1302 583 addidit
1318 545 1538 584 Claudius2

180 620 287 646 sacra
300 622 345 646 ex
361 609 508 658 legibus
525 610 626 647 Tulli
642 611 741 660 regis
757 611 981 660 piaculaque
998 611 1100 659 apud
1117 611 1245 648 lucum
1262 611 1410 648 Dianae
1431 622 1499 660 per

180 674 379 722 pontifices
399 675 536 721 danda,
563 676 810 713 inridentibus
831 676 988 722 cunctis,
1011 676 1115 726 quod
1143 688 1291 726 poenae
1317 687 1497 726 procura-

179 739 375 789 tionesque
391 741 522 778 incesti
537 741 574 778 id
594 742 778 791 temporis
798 742 1093 790 exquirerentur.
1152 748 1189 778 at
1209 741 1431 790 Agrippina,
1449 753 1497 778 ne
1515 749 1537 778 3

122 817 163 841 10
180 805 288 842 malis
302 811 449 843 tantum
465 806 697 844 facinoribus
717 813 939 852 notesceret,
957 807 1107 844 veniam
1129 806 1228 844 exilii
1249 818 1319 856 pro
1334 806 1497 843 Annaeo

180 870 335 917 Seneca,
364 871 476 908 simul
503 878 720 921 praeturam
749 873 934 920 impetrat,
963 871 1103 908 laetum
1129 872 1168 908 in
1193 871 1390 920 publicum
1416 877 1497 908 rata

177 937 228 973 ob
257 936 516 974 claritudinem
547 936 756 974 studiorum
786 937 876 981 eius,
903 943 1019 985 utque
1050 935 1211 973 Domitii
1241 936 1401 985 pueritia
1430 935 1496 972 tali

176 1003 358 1050 magistro
387 1002 623 1040 adolesceret
651 1010 687 1040 et
716 1003 882 1040 consiliis
912 1002 1082 1040 eiusdem
1112 1003 1161 1039 ad
1188 1014 1297 1051 spem
1322 1002 1494 1040 domina-

175 1067 287 1104 tionis
312 1073 515 1114 uterentur‚
543 1068 633 1117 quia
662 1067 810 1105 Seneca
836 1067 932 1105 fidus
962 1068 1000 1104 in
1029 1067 1280 1116 Agrippinam
1309 1067 1495 1105 memoria

119 1143 156 1175 15
175 1132 348 1169 beneficii
374 1138 411 1169 et
434 1132 604 1169 infensus
629 1131 791 1170 Claudio
818 1132 949 1170 dolore
976 1132 1134 1169 iniuriae
1161 1132 1396 1170 credebatur.

229 1202 269 1236 9.
300 1197 487 1235 Placitum
523 1197 659 1234 dehinc
699 1209 777 1234 non
810 1197 906 1235 ultra
937 1197 1117 1243 cunctari,
1152 1197 1218 1235 sed
1249 1197 1491 1246 designatum

174 1262 369 1300 consulem
384 1261 614 1300 Memmium
629 1262 842 1300 Pollionem
858 1262 1074 1311 ingentibus
1095 1263 1290 1312 promissis
1304 1262 1491 1300 inducunt

174 1328 399 1365 sententiam
434 1339 669 1376 expromere,
710 1339 785 1376 qua
823 1334 991 1365 oraretur
1031 1326 1214 1365 Claudius
1253 1327 1493 1376 despondere

174 1392 374 1431 Octaviam
398 1391 592 1439 Domitio;
622 1392 727 1442 quod
756 1393 868 1430 aetati
897 1393 1090 1441 utriusque
1115 1405 1195 1430 non
1224 1393 1431 1430 absurdum
1456 1399 1494 1430 et

117 1473 156 1494 20
173 1458 319 1496 maiora
355 1457 629 1508 patefacturum
667 1464 755 1495 erat.
823 1457 944 1495 Pollio
982 1457 1084 1494 haud
1123 1457 1334 1507 disparibus
1370 1457 1530 1495 verbis2

82 1523 110 1543 ⁹
173 1536 217 1561 ac
237 1535 357 1573 nuper
375 1523 547 1561 Vitellius
571 1528 701 1561 censet
713 1535 723 1569 ;
753 1522 1091 1572 despondeturque
1111 1521 1283 1570 Octavia,
1306 1522 1350 1560 ac
1371 1535 1492 1572 super

171 1589 338 1639 priorem
381 1589 698 1626 necessitudinem
736 1600 901 1637 sponsus
946 1588 1021 1625 iam
1058 1594 1096 1626 et
1138 1599 1255 1636 gener
1294 1587 1490 1625 Domitius

171 1656 326 1704 aequari
359 1653 579 1692 Britannico
611 1653 741 1691 studiis
772 1654 912 1699 matris,
944 1660 1022 1691 arte
1051 1665 1196 1699 eorum,
1227 1653 1312 1702 quis
1339 1654 1392 1691 ob
1429 1665 1491 1691 ac-

172 1727 343 1758 cusatam
364 1719 614 1758 Messalinam
635 1719 725 1756 ultio
746 1731 793 1756 ex
814 1719 892 1757 filio
913 1719 1122 1756 timebatur.

115 1799 154 1831 25
225 1790 290 1823 10.
321 1784 393 1822 Per
425 1784 528 1822 idem
556 1791 706 1833 tempus
741 1784 855 1833 legati
884 1783 1110 1822 Parthorum
1140 1783 1189 1821 ad
1221 1783 1489 1833 expetendum,

171 1857 212 1888 ut
226 1851 361 1896 rettuli,
379 1849 633 1887 Meherdaten
646 1849 751 1886 missi
767 1855 941 1886 senatum
954 1848 1215 1898 ingrediuntur
1231 1848 1489 1898 mandataque

171 1915 210 1952 in
248 1915 347 1952 hunc
385 1914 544 1952 modum
582 1914 788 1963 incipiunt:
819 1925 899 1951 non
939 1925 980 1951 se
1018 1912 1183 1951 foederis
1222 1913 1377 1962 ignaros
1415 1925 1488 1951 nec

171 1981 382 2019 defectione
411 1992 433 2017 a
460 1979 601 2017 familia
625 1978 895 2016 Arsacidarum
918 1979 1057 2024 venire,
1081 1984 1136 2015 set
1159 1978 1280 2015 filium
1300 1978 1487 2025 Vononis‚

171 2052 352 2096 nepotem
372 2045 542 2082 Phraatis
565 2056 758 2082 accersere
785 2043 964 2080 adversus
992 2043 1292 2081 dominationem
1313 2042 1488 2081 Gotarzis

114 2123 155 2154 30
172 2111 356 2149 nobilitati
397 2110 575 2160 plebique
614 2110 718 2146 iuxta
755 2108 1045 2146 intolerandam.
1116 2108 1191 2145 iam
1231 2108 1372 2154 fratres,
1411 2108 1524 2146 iam2

172 2176 420 2227 propinquos,
460 2175 534 2212 iam
580 2174 733 2224 longius
771 2174 861 2211 sitos
900 2173 1080 2210 caedibus
1117 2172 1345 2210 exhaustos:
1389 2172 1486 2210 adici

171 2243 354 2290 coniuges
381 2240 566 2290 gravidas,
597 2239 736 2277 liberos
769 2250 918 2288 parvos,
948 2238 1041 2275 dum
1071 2250 1202 2276 socors
1235 2237 1351 2285 domi,
1379 2237 1487 2275 bellis

171 2306 353 2344 infaustus
387 2305 576 2355 ignaviam
605 2305 756 2341 saevitia
789 2310 902 2352 tegat.
959 2310 1122 2341 veterem
1151 2303 1220 2340 sibi
1256 2314 1299 2341 ac
1334 2302 1524 2353 publicea
