1634 2640
68 100 147 126 m).
172 84 241 138 ιφ]
515 93 667 124 LIBER
697 94 734 124 V.
795 93 894 124 CAP.
927 98 1012 134 2—5.

67 196 211 246 effigies
240 195 475 245 Agrippinae
506 207 549 233 ac
583 195 750 233 Neronis
784 207 918 243 gerens
957 195 1196 232 circumsistit
1235 195 1375 232 curiam

68 261 277 311 faustisque
307 261 345 298 in
378 260 583 298 Caesarem
612 261 806 298 ominibus
835 259 947 296 salsas
979 260 1118 297 litteras
1147 267 1182 297 et
1212 262 1380 310 principe

25 340 50 370 4
68 326 184 364 invito
213 326 370 363 exitium
400 325 530 363 domui
558 325 637 363 eius
667 324 808 362 intendi
839 324 1015 362 clamitat.
1075 325 1125 361 ita
1158 325 1248 361 nihil
1281 326 1381 362 triste

68 391 131 429 illo
164 391 224 429 die
251 396 452 441 patratum.
508 389 725 428 ferebantur
756 391 868 427 etiam
898 390 968 427 sub
998 389 1215 427 nominibus
1245 401 1381 426 consu-

67 455 202 494 larium
235 455 347 493 fictae
376 456 414 492 in
444 454 625 494 Seianum
655 455 875 500 sententiae,
904 454 1168 492 exercentibus
1193 453 1381 502 plerisque
1402 468 1418 499 5

26 535 48 565 5
67 533 135 571 per
153 520 348 559 occultum
368 526 481 570 atque
498 532 546 558 eo
565 520 762 570 procacius
777 519 971 557 libidinem
990 519 1243 568 ingeniorum.
1282 518 1382 555 unde

67 585 118 623 illi
145 585 201 624 ira
227 585 427 623 violentior
455 591 493 623 et
523 585 699 622 materies
729 584 980 622 criminandi:
1016 590 1183 633 spretum
1213 583 1382 621 dolorem

67 649 249 700 principis
271 650 322 688 ab
349 656 493 696 senatu,
524 650 724 688 descivisse
748 649 935 699 populum
951 661 960 695 ;
993 649 1111 686 audiri
1141 649 1215 685 iam
1245 655 1282 685 et
1310 648 1383 696 legi

68 726 188 753 novas
215 714 424 761 contiones,
445 727 546 753 nova
574 722 725 764 patrum
753 714 926 752 consulta
942 726 952 759 ς
982 713 1072 763 quid
1096 713 1281 762 reliquum
1312 711 1383 749 nisi

67 787 109 817 ut
135 786 316 829 caperent
343 779 481 816 sermm
512 787 559 825 et,
591 791 753 829 quorum
783 779 968 828 imagines
997 790 1067 827 pro
1095 777 1237 815 vexillis
1267 776 1382 814 secuti
1406 789 1444 812 ιο

70 844 204 890 forent,
225 843 344 882 duces
363 844 686 894 imperatoresque
707 844 913 893 deligerent
930 844 943 880 ?

123 914 163 948 5.
191 909 312 959 Igitur
345 909 487 947 Caesar
519 909 685 958 repetitis
718 909 918 946 adversum
953 914 1134 957 nepotem
1172 913 1208 945 et
1243 918 1381 944 nurum

69 974 218 1024 probris
236 974 498 1024 increpitaque
524 986 591 1023 per
617 974 783 1011 edictum
811 973 934 1022 plebe,
957 979 1111 1022 questus
1136 971 1236 1021 apud
1259 978 1382 1021 patres

69 1039 176 1089 quod
212 1037 342 1077 fraude
382 1039 490 1076 unius
538 1039 719 1076 senatoris
767 1038 1008 1087 imperatoria
1055 1037 1231 1074 maiestas
1278 1036 1382 1073 elusa

29 1118 52 1148 2
70 1104 220 1154 publice
239 1103 347 1149 foret,
367 1103 513 1152 integra
533 1108 661 1140 tamen
679 1102 747 1140 sibi
768 1109 904 1140 cuncta
925 1102 1138 1151 postulavit.
1194 1113 1265 1139 nec
1287 1101 1382 1138 ultra
1404 1113 1440 1145 15

69 1169 318 1207 deliberatum
351 1180 429 1218 quo
462 1168 588 1204 minus
625 1180 705 1205 non
747 1167 900 1217 quidem
934 1172 1103 1204 extrema
1135 1166 1382 1203 decernerent

67 1232 125 1285 (id
153 1233 257 1272 enim
284 1231 470 1282 vetitum),
493 1232 560 1270 sed
585 1239 737 1282 paratos
764 1231 812 1269 ad
838 1231 1019 1269 ultionem
1047 1230 1081 1267 vi
1105 1230 1284 1281 principis
1313 1230 1382 1267 im-

68 1298 189 1350 pediri
207 1303 445 1336 testarentur.
