1643 2655
420 97 658 130 CORNELII
688 96 858 129 TACITl
882 97 1156 129 ANNALJUM
1209 88 1432 144 [A.U.C.790.

121 202 378 253 proscriptum
407 207 554 251 patrem
582 201 669 238 exul
698 208 859 246 secutus,
886 201 951 238 ubi
981 200 1138 237 domum
1168 200 1330 250 Augusti
1359 201 1433 250 pri-

122 268 256 317 vignus
289 267 440 313 introiit,
477 267 604 304 multis
636 266 795 304 aemulis
832 265 1070 304 conflictatus
1103 273 1169 312 est,
1201 266 1292 303 dum
1326 265 1431 303 Mar-

121 333 238 371 cellus
265 339 299 371 et
328 332 512 382 Agrippa,
533 344 625 370 mox
655 330 775 369 Gaius
804 330 1021 379 Luciusque
1051 329 1233 368 Caesares
1257 331 1432 381 viguere;

123 399 236 435 etiarn
258 397 368 435 frater
388 398 466 435 eius
492 396 638 434 Drusus
658 395 892 445 prosperiore
913 395 1049 432 civium
1069 407 1200 433 amore
1219 402 1308 433 erat.
1365 396 1432 434 sed
1450 404 1472 434 3

85 475 104 508 5
122 464 288 501 maxime
309 463 346 500 in
367 463 508 500 lubrico
538 463 615 511 egit
643 465 800 510 accepta
828 460 866 497 in
895 460 1178 498 matrimonium
1198 460 1303 508 Iulia,
1324 461 1433 510 inpu-

122 527 286 566 dicitiam
305 528 434 566 uxoris
454 527 617 564 tolerans
637 533 700 564 aut
721 525 926 563 declinans.
977 525 1064 563 dein
1085 524 1225 563 Rhodo
1242 537 1434 575 regressus
1451 533 1475 563 4

122 606 263 632 vacuos
283 593 464 643 principis
491 598 645 642 penates
673 591 872 629 duodecim
901 591 1022 636 annis,
1043 603 1134 628 mox
1158 591 1210 628 rei
1232 590 1434 629 Romanae

123 659 317 696 arbitrium
346 658 465 696 tribus
493 657 610 696 ferme
639 664 675 695 et
704 657 833 706 viginti
863 656 1036 694 obtinuit.
1098 667 1251 693 morum
1281 669 1432 707 quoque
1451 664 1473 694 5

123 732 297 774 tempora
316 723 367 760 illi
391 723 559 761 diversa:
591 722 789 772 egregium
809 721 884 759 vita
906 721 1094 770 famaque,
1115 721 1244 771 quoad
1268 722 1435 772 privatus

67 800 107 824 10
123 790 181 827 vel
213 790 251 826 in
284 789 450 839 imperiis
484 789 554 826 sub
584 789 762 837 Augusto
796 786 885 833 fuit;
929 786 1121 823 occultum
1149 798 1194 824 ac
1229 787 1435 825 subdolum

124 855 312 904 fingendis
344 854 553 898 virtutibus,
593 853 717 890 donec
753 851 1005 890 Germanicus
1038 863 1083 888 ac
1117 849 1266 890 Drusus
1305 863 1435 902 super-

125 920 249 966 fuere3
292 920 393 957 idem
426 919 523 956 inter
561 919 664 955 bona
695 917 872 966 malaque
906 917 1046 954 mixtus
1085 916 1266 954 incolumi
1299 923 1478 965 matre,6

124 984 344 1022 intestabilis
375 984 538 1030 saevitia,
579 983 646 1020 sed
677 982 838 1021 obtectis
872 981 1100 1026 libidinibus,
1130 981 1223 1019 dum
1253 981 1435 1020 Seianum

124 1050 252 1087 dilexit
296 1049 475 1094 timuitve,
516 1054 710 1097 postremo
748 1047 786 1083 in
825 1046 966 1084 scelera
1016 1045 1128 1084 simul
1165 1058 1211 1085 ac
1249 1046 1436 1087 dedecora

68 1127 104 1161 15
124 1115 302 1166 prorupit,
342 1120 547 1169 postquam
593 1117 741 1150 remoto
779 1111 924 1162 pudore
963 1117 1000 1149 et
1037 1117 1141 1149 metu
1179 1123 1248 1150 suo
1287 1119 1435 1151 tantum

123 1181 277 1230 ingenio
297 1180 484 1217 utebatur.
