1634 2640
123 90 293 145 A.n.48.]
490 98 640 130 LIBER
671 98 736 130 xl.
799 99 898 132 CAP.
932 96 1074 142 34-38.

122 201 405 240 consuleretur:
450 211 585 250 sponte
625 214 672 239 an
712 209 868 239 coactus
902 208 978 238 tarn
1013 214 1153 251 magna
1191 206 1432 252 peccavisset,

79 267 212 305 anihil
245 266 392 305 referre.
450 279 497 304 ne
532 266 665 304 Trauli
699 266 854 316 quidem
889 265 1066 304 Montani
1100 268 1233 316 equitis
1272 268 1434 306 Romani

121 331 292 370 defensio
311 338 463 381 recepta
481 338 547 369 est.
596 331 627 368 is
647 331 820 368 modesta
841 332 1002 377 inventa,
1020 331 1086 368 sed
1106 343 1264 380 corpore
1285 333 1434 380 insigni,

120 397 261 435 accitus
289 396 385 434 ultro
412 403 640 446 noctemque
661 396 757 434 intra
783 408 900 434 unam
920 408 942 434 a
963 395 1170 434 Messalina
1196 397 1435 446 proturbatus

79 468 210 509 5erat‚
253 462 406 512 paribus
452 461 611 498 lasciviis
653 461 702 498 ad
749 461 966 510 cupidinem
1008 469 1044 499 et
1089 461 1247 499 fastidia.
1306 461 1471 499 Suillio5

120 526 340 566 Caesonino
376 533 413 565 et
453 526 601 564 Plautio
642 524 833 564 Laterano
871 538 975 564 mors
1015 527 1221 573 remittitur,
1260 526 1345 564 huic
1384 528 1435 565 ob

120 592 243 642 patrui
276 593 473 642 egregium
506 591 705 630 meritum:
746 590 987 630 Caesoninus
1019 592 1114 629 vitiis
1146 598 1337 641 protectus
1366 599 1433 639 est,

120 664 315 706 tamquam
334 657 372 694 in
392 656 455 695 illo
474 656 694 694 foedissimo
714 664 825 694 coetu
844 669 977 706 passus
997 657 1205 694 muliebria.

173 727 241 762 37.
271 721 427 759 Interim
445 721 653 759 Messalina
669 720 899 759 Lucullianis
915 722 953 758 in
974 721 1090 759 hortis
1105 722 1289 771 prolatare
1309 722 1434 768 vitam,

98 799 356 837 componere
385 799 529 836 preces,
559 786 744 823 nonnulla
775 799 843 836 spe
873 794 909 824 et
939 787 1143 837 aliquando
1172 788 1247 825 ira:
1289 794 1434 825 tantum
1455 801 1495 824 10

119 853 215 891 inter
244 859 413 890 extrema
444 852 640 901 superbiae
671 852 838 901 gerebat.
896 864 940 890 ac
970 853 1009 889 ni
1039 852 1197 890 caedem
1226 853 1306 890 eius
1338 852 1434 890 Nar-

78 929 100 958 2
119 918 239 955 cissus
265 917 551 967 properavisset,
572 923 729 954 verterat
748 916 935 966 pernicies
955 917 994 954 in
1017 924 1287 955 accusatorem.
1344 930 1435 955 nam

119 982 300 1020 Claudius
334 982 492 1020 domum
526 993 719 1030 regressus
753 988 791 1018 et
823 982 1056 1030 tempestivis
1089 981 1208 1031 epulis
1237 982 1433 1029 delenitus,

118 1047 182 1084 ubi
215 1047 303 1085 vino
336 1046 500 1092 incaluit,
534 1046 577 1083 iri
610 1046 712 1083 iubet
744 1046 985 1095 nuntiarique
1019 1047 1178 1084 miserae
1213 1046 1301 1098 (hoc
1332 1048 1434 1085 enirn

117 1112 232 1150 verbo
251 1123 363 1150 usum
383 1109 524 1162 ferunt)
543 1110 747 1149 dicendam
773 1110 822 1148 ad
841 1122 996 1148 causam
1023 1118 1176 1161 postero
1197 1112 1256 1149 die
1275 1112 1432 1150 adesset.
1453 1126 1491 1158 15

77 1187 99 1216 3
117 1176 220 1227 quod
251 1177 315 1214 ubi
353 1176 523 1214 auditum
560 1183 597 1213 et
630 1175 873 1225 languescere
911 1177 976 1222 ira,
1012 1176 1130 1214 redire
1167 1188 1274 1214 amor
1310 1189 1366 1223 ac,
1402 1178 1433 1215 si

116 1247 393 1287 cunctarentur,
434 1242 650 1290 propinqua
692 1252 770 1278 nox
812 1247 848 1278 et
890 1241 1012 1278 uxorii
1051 1241 1214 1279 cubiculi
1250 1243 1433 1280 memoria

115 1307 354 1352 timebantur,
384 1307 597 1356 prorumpit
626 1305 828 1344 Narcissus
852 1305 1122 1356 denuntiatque
1150 1307 1433 1345 centurionibus

115 1379 153 1410 et
188 1372 352 1418 tribuno,
385 1372 450 1420 qui
483 1370 622 1417 aderat,
661 1373 817 1420 exsequi
856 1371 1036 1417 caedem;
1083 1371 1133 1409 ita
1165 1371 1432 1422 imperatorem

72 1446 97 1475 4
115 1436 252 1475 iubere.
309 1443 436 1475 custos
469 1443 507 1474 et
540 1442 696 1474 exactor
727 1448 748 1474 e
782 1436 922 1474 libertis
954 1436 1114 1475 Euodus
1151 1436 1270 1474 datur.
1325 1437 1431 1486 isque
1452 1449 1492 1472 20

114 1502 253 1552 raptim
272 1502 312 1539 in
338 1501 470 1540 hortos
496 1512 740 1550 praegressus
763 1501 927 1550 repperit
953 1501 1077 1539 susam
1103 1501 1220 1547 humi,
1240 1501 1431 1540 adsidente
1481 1515 1483 1518 ¹

114 1573 233 1604 matre
267 1565 426 1615 Lepida,
461 1577 561 1614 quae
597 1565 746 1603 florenti
785 1565 881 1603 filiae
914 1565 1015 1604 haud
1051 1578 1214 1604 concors
1246 1567 1432 1616 supremis

114 1632 195 1669 eius
223 1631 510 1669 necessitatibus
538 1630 586 1667 ad
614 1630 898 1668 miserationem
927 1631 1046 1668 evicta
1073 1636 1153 1668 erat
1177 1630 1431 1681 suadebatque

113 1708 162 1733 ne
194 1707 457 1746 percussorem
497 1695 757 1745 opperiretur:
808 1695 985 1733 transisse
1017 1696 1132 1733 vitam
1170 1708 1294 1746 neque
1331 1696 1431 1733 aliud

73 1772 228 1811 5quam
265 1761 376 1798 morti
414 1760 530 1798 decus
564 1759 834 1810 quaerendum.
891 1761 958 1798 sed
995 1761 1124 1798 animo
1160 1773 1226 1810 per
1258 1760 1430 1798 libidines
1450 1772 1488 1804 25

113 1831 294 1875 corrupto
335 1824 427 1862 nihil
466 1825 670 1862 honestum
709 1825 848 1872 inerat;
903 1824 1155 1875 lacrimaeque
1194 1831 1232 1863 et
1274 1832 1430 1876 questus

111 1889 209 1928 inriti
239 1889 485 1937 ducebantur,
517 1902 607 1929 cum
639 1891 783 1939 impetu
814 1890 1046 1927 venientium
1076 1890 1206 1940 pulsae
1236 1891 1335 1928 fores
1364 1890 1429 1928 ad-

112 1955 278 2005 stititque
307 1956 478 1993 tribunus
503 1967 571 2005 per
599 1955 800 2000 silentium,
829 1961 866 1993 at
895 1955 1049 1993 libertus
1077 1955 1276 2005 increpans
1303 1956 1428 1994 multis

110 2026 148 2058 et
167 2019 358 2058 servilibus
378 2020 537 2070 probris.

165 2089 233 2124 88.
264 2085 376 2123 Tunc
409 2086 574 2135 primum
605 2085 796 2124 fortunam
829 2097 936 2123 suam
967 2085 1187 2136 introspexit
1215 2085 1427 2136 ferrumque
1446 2096 1488 2128 30

110 2150 267 2200 accepit,
299 2149 404 2200 quod
438 2150 573 2188 frustra
607 2150 735 2200 iugulo
766 2158 830 2188 aut
863 2151 1008 2200 pectori
1039 2163 1108 2200 per
1137 2150 1427 2200 trepidationem

110 2213 319 2253 admovens
338 2215 416 2253 ictu
441 2201 580 2253 tribuni
606 2216 836 2265 transigitur.
893 2227 1029 2265 corpus
1056 2216 1167 2253 matri
1192 2228 1425 2254 concessum.

68 2291 91 2321 2
110 2281 398 2331 nuntiatumque
441 2280 604 2319 Claudio
647 2281 811 2332 epulanti
858 2282 998 2331 perisse
1046 2279 1304 2327 Messalinam,
1349 2293 1426 2318 non
