1643 2655
467 119 704 151 CORNELJJ
734 119 906 151 TACJTJ
930 119 1209 151 ANNALJUM
1260 110 1398 166 [auc.
1420 121 1494 152 802.

180 223 404 273 nuptiasque
435 222 605 270 Domitii,
633 235 747 273 quem
775 236 822 261 ex
852 223 923 261 Cn.
951 222 1211 261 Ahenobarbo
1239 229 1432 272 genuerat,
1459 228 1496 259 et

181 287 360 325 Octaviae
388 288 559 326 Caesaris
589 289 683 325 filiae
709 289 854 333 moliri;
885 288 989 338 quod
1019 288 1098 325 sine
1123 288 1262 325 scelere
1289 288 1495 338 perpetrari

181 366 259 390 non
288 359 445 402 poterat,
475 354 563 402 quia
597 353 639 390 L.
673 353 800 391 Silano
837 354 1091 402 desponderat
1125 353 1324 391 Octaviam
1355 353 1497 391 Caesar

180 417 428 466 iuvenemque
449 426 485 455 et
506 419 576 455 alia
598 419 742 455 clarum
763 419 899 467 insigni
928 417 1210 467 triumphalium
1231 424 1267 454 et
1287 417 1496 467 gladiatorii

145 494 162 525 5
182 483 348 520 muneris
377 483 660 532 magnificentia
687 483 892 532 protulerat
921 483 969 520 ad
999 483 1121 520 studia
1148 482 1257 532 vulgi.
1315 483 1381 520 sed
1405 482 1494 519 nihil
1513 487 1535 516 3

182 548 340 585 arduum
360 548 554 585 videbatur
582 549 620 585 in
646 549 774 586 animo
801 548 993 597 principis,
1015 548 1075 585 cui
1098 560 1176 585 non
1203 547 1396 594 iudicium,
1417 559 1496 586 non

182 611 312 649 odium
331 618 411 648 erat
430 612 501 649 nisi
521 612 638 649 indita
656 619 692 649 et
714 613 826 650 iussa.

234 681 275 714 4.
306 676 424 725 Igitur
453 677 637 724 Vitellius,
667 679 824 715 nomine
856 679 1025 716 censoris
1054 678 1206 716 serviles
1236 678 1400 716 fallacias
1428 678 1497 715 ob·

182 750 315 792 tegens
335 744 668 794 ingruentiumque
696 744 1000 783 dominationum
1029 745 1211 794 provisor,
1233 757 1311 793 quo
1337 744 1496 793 gratiam

127 818 166 840 10
183 808 417 857 Agrippinae
444 816 601 857 pararet,
633 809 796 847 consiliis
825 809 905 846 eius
929 809 1124 858 implicari,
1151 809 1245 846 ferre
1271 809 1430 846 crimina
1459 808 1497 844 in

185 872 363 918 Silanum,
395 874 502 911 cuius
533 886 622 911 sane
647 874 786 911 decora
808 880 846 911 et
869 886 1011 923 procax
1042 885 1162 919 soror,
1192 873 1302 910 Iunia
1329 873 1498 917 Calvina,

182 937 282 974 haud
308 938 426 975 multo
455 947 542 976 ante
563 938 703 976 Vitellii
724 951 840 976 nurus
868 938 998 975 fuerat.
1056 938 1145 975 hinc
1170 938 1318 975 initium
1343 949 1497 975 accusa·
1516 945 1537 973 2

181 1003 295 1040 tionis
309 1015 318 1049 3
348 1002 579 1053 fratrumque
600 1016 680 1041 non
709 1004 909 1049 incestum,
932 1003 998 1041 sed
1025 1003 1299 1040 incustoditum
1327 1014 1498 1041 amorem

183 1067 232 1104 ad
256 1067 453 1104 infamiam
480 1069 601 1105 traxit.
657 1075 694 1106 et
719 1069 926 1118 praebebat
954 1068 1098 1106 Caesar
1126 1080 1245 1115 aures,
1271 1067 1498 1117 accipiendis
1515 1075 1536 1103 3

127 1142 164 1173 15
183 1133 360 1170 adversus
380 1145 564 1182 generum
585 1134 864 1183 suspicionibus
892 1134 1045 1171 caritate
1066 1133 1163 1171 filiae
1181 1133 1403 1183 promptior.
1459 1139 1499 1170 at
1517 1139 1540 1167 4

185 1198 334 1235 Silanus
385 1199 606 1236 insidiarum
660 1199 810 1236 nescius
860 1211 904 1236 ac
949 1199 1044 1236 forte
1092 1211 1138 1236 eo
1185 1211 1288 1236 anno
1335 1204 1499 1248 praetor,

184 1270 338 1311 repente
384 1275 450 1312 per
497 1263 663 1301 edictum
709 1262 849 1300 Vitellii
895 1263 1028 1300 ordine
1077 1263 1268 1300 senatorio
1314 1270 1497 1308 movetur,

184 1340 419 1378 quamquam
450 1329 547 1366 lecto
579 1329 728 1378 pridem
763 1335 895 1366 senatu
933 1328 1130 1377 lustroque
1163 1327 1331 1365 condito.
1388 1327 1539 1364 simul5

184 1392 414 1430 adfinitatem
460 1393 641 1430 Claudius
686 1393 845 1437 diremit,
884 1393 1116 1442 adactusque
1163 1391 1312 1430 Silanus
1353 1393 1499 1430 eiurare

127 1470 167 1492 20
184 1458 457 1506 magistratum,
492 1464 529 1495 et
563 1458 729 1508 reliquus
768 1465 963 1508 praeturae
1003 1458 1083 1495 dies
1120 1458 1159 1495 in
1196 1458 1359 1507 Eprium
1395 1457 1499 1494 Mar-

184 1523 322 1560 cellum
351 1523 524 1560 conlatus
555 1530 622 1561 est.

237 1592 275 1626 5.
324 1587 367 1625 C.
406 1587 590 1637 Pompeio
634 1588 682 1635 Q.
728 1587 896 1627 Veranio
940 1588 1161 1626 consulibus
1204 1595 1357 1638 paetum
1404 1588 1500 1626 inter

185 1652 388 1691 Claudium
408 1659 444 1690 et
464 1653 721 1703 Agrippinam
742 1654 1028 1691 matrimonium
1050 1654 1126 1690 iam
1146 1654 1257 1699 fama,
1279 1654 1355 1690 iam
1370 1665 1501 1691 amore

185 1718 325 1756 inlicito
354 1719 601 1765 firmabatur3
641 1718 806 1756 necdum
836 1719 1029 1756 celebrare
1059 1718 1257 1756 sollemnia
1285 1718 1502 1768 nuptiarum

128 1795 166 1826 25
187 1782 387 1828 audebant,
414 1783 518 1821 nullo
547 1783 725 1832 exemplo
753 1783 939 1821 deductae
969 1784 1008 1820 in
1038 1783 1198 1821 domurn
1227 1783 1350 1833 patrui
1378 1782 1502 1820 fratris

186 1847 303 1885 filiae:
349 1848 441 1896 quin
475 1854 512 1885 et
545 1849 730 1885 incestum
762 1860 820 1893 ac,
855 1849 885 1885 si
920 1856 1170 1897 sperneretur,
1202 1860 1250 1885 ne
1281 1848 1320 1885 in
1358 1847 1502 1885 malum

185 1912 379 1962 publicum
416 1920 631 1962 erumperet
668 1913 915 1950 metuebatur.
973 1925 1043 1950 nec
1082 1919 1170 1950 ante
1208 1913 1352 1951 omissa
1384 1924 1501 1950 cunc·
1519 1924 1541 1952 2

185 1978 277 2015 tatio
306 1990 422 2027 quam
450 1977 626 2015 Vitellius
656 1978 733 2015 suis
763 1978 906 2015 artibus
936 1977 973 2016 id
1004 1977 1300 2027 perpetrandum
1329 1978 1500 2027 sumpsit.

185 2049 504 2092 percontatusque
544 2043 750 2080 Caesarem
788 2054 836 2080 an
875 2043 983 2080 iussis
1021 2043 1166 2092 populi,
1205 2054 1255 2080 an
1293 2041 1502 2080 auctoritati
1521 2052 1542 2081 3

128 2117 169 2148 30
188 2114 337 2144 senatus
366 2107 527 2154 cederet,
555 2108 619 2145 ubi
648 2107 708 2144 ille
736 2119 857 2144 unum
887 2119 928 2144 se
957 2106 1098 2144 civium
1128 2114 1164 2144 et
1194 2107 1401 2145 consensui
1430 2107 1502 2144 im-

186 2184 318 2221 parem
344 2173 553 2221 respondit,
575 2172 739 2221 opperiri
763 2172 860 2209 intra
881 2171 1063 2221 palatium
1085 2172 1198 2210 iubet.
1254 2172 1336 2221 ipse
1357 2172 1502 2209 curiam
1519 2179 1544 2208 4

187 2237 402 2286 ingreditur,
425 2249 691 2286 summamque
715 2249 795 2274 rem
823 2237 1019 2286 publicam
1046 2237 1108 2286 agi
1128 2237 1326 2275 obtestans
1352 2237 1502 2274 veniam

188 2301 336 2339 dicendi
356 2308 442 2339 ante
462 2301 557 2339 alios
585 2302 757 2351 exposcit
784 2302 1026 2351 orditurque:
1056 2301 1299 2351 gravissimos
1319 2301 1510 2357 principis,

1469 2372 1488 2394 {⁴-
