1643 2655
442 92 680 125 CORNELJJ
708 94 874 126 TACJTJ
901 96 1174 128 ANNALJUM
1227 89 1363 143 [A.u.c.
1388 107 1459 141 790·

149 195 384 245 imperaton‘s
409 196 552 235 litterae
581 198 836 248 suspicionem
866 200 1020 246 dabant,
1041 200 1205 239 invalido
1230 214 1274 239 ac
1300 202 1460 241 fortasse

149 261 284 309 ignaro
321 262 407 300 ficta
451 263 632 313 pleraque
669 265 720 301 ob
765 265 977 302 inimicitias
1023 263 1221 304 Macronis
1268 274 1378 306 notas
1421 268 1460 305 in

149 326 379 364 Arruntium.

201 396 259 430 48
288 391 386 444 (54).
422 394 539 443 Igitur
569 394 761 432 Domitius
790 394 1047 433 defensionem
1077 395 1276 442 meditans,
1308 397 1459 435 Marsus

112 474 130 505 5
149 464 342 508 tamquam
370 459 533 496 inediam
564 460 833 507 destinavisset,
856 460 1069 509 produxere
1089 461 1226 499 vitam:
1257 462 1459 500 Arruntius
1477 473 1499 501 2

148 524 431 561 cunctationem
475 530 511 562 et
555 536 683 562 moras
727 525 972 563 suadentibus
1015 526 1159 572 amicis,
1200 539 1282 564 non
1324 528 1459 565 eadem

149 590 328 626 omnibus
361 589 500 627 decora
534 591 751 639 respondit:
797 591 866 628 sibi
901 592 990 628 satis
1022 592 1163 637 aetatis,
1198 604 1324 642 neque
1360 593 1500 631 aliud3

148 655 419 704 paenitendum
448 667 564 705 quam
592 656 698 705 quod
727 656 823 694 inter
849 657 1011 694 ludibria
1041 663 1077 694 et
1107 658 1275 706 pericula
1305 659 1459 696 anxiam

148 728 340 758 senectam
380 721 620 767 toleravisset,
660 721 723 758 diu
758 721 908 768 Seiano,
944 734 1045 759 nunc
1080 722 1269 769 Macroni,
1307 735 1459 773 semper

92 802 130 825 10
148 786 258 823 alicui
278 787 490 835 potentium
509 787 659 833 invisus,
681 799 760 824 non
779 787 900 836 culpa,
924 787 990 824 sed
1020 794 1059 825 ut
1091 788 1318 836 flagitiorum
1350 789 1456 837 inpa-

148 851 253 888 tiens.
312 864 402 889 sane
431 864 573 901 paucos
599 852 647 889 ad
675 864 853 901 suprema
877 853 1060 902 principis
1088 853 1168 890 dies
1195 865 1307 902 posse
1328 853 1455 891 vitari:

145 928 262 966 quem
292 917 340 954 ad
369 917 526 955 modum
546 929 744 955 evasurum
772 917 1002 954 imminentis
1032 918 1251 955 iuventam?
1281 930 1341 964 an,
1367 930 1454 956 cum
1473 929 1498 959 4

147 980 325 1019 Tiberius
360 988 446 1030 post
479 988 623 1019 tantam
658 994 783 1019 rerum
817 982 1090 1030 experientiam
1124 982 1157 1018 vi
1187 982 1457 1021 dominationis

146 1046 348 1083 convulsus
367 1053 404 1084 et
423 1052 590 1084 mutatus
610 1046 666 1092 sit,
690 1046 831 1085 Gaium
852 1046 1058 1085 Caesarem
1077 1047 1139 1084 vix
1160 1046 1265 1086 finita
1285 1048 1456 1096 pueritia,

91 1127 128 1159 15
146 1112 321 1160 ignarum
350 1112 525 1150 omnium
554 1119 618 1150 aut
646 1112 821 1162 pessimis
849 1112 1083 1158 innutritum,
1105 1112 1265 1151 meliora
1293 1113 1458 1163 capessi-

147 1183 271 1214 turum
310 1175 497 1215 Macrone
535 1177 657 1215 duce?
700 1178 764 1227 qui
802 1184 843 1214 ut
877 1177 1041 1215 deterior
1073 1177 1122 1215 ad
1160 1178 1457 1227 opprimendum

148 1241 328 1280 Seianum
352 1242 517 1280 delectus
541 1242 650 1291 plura
673 1254 740 1291 per
766 1242 908 1280 scelera
933 1254 1012 1280 rem
1039 1242 1234 1292 publicam
1259 1243 1457 1281 conflicta-

146 1308 267 1345 visset.
334 1313 577 1357 prospectare
610 1308 686 1344 iam
716 1319 755 1345 se
788 1307 911 1345 acrius
941 1307 1143 1353 servitium,
1174 1319 1296 1357 eoque
1329 1307 1498 1358 fugere5

147 1372 256 1411 simul
275 1379 359 1410 acta
378 1379 414 1410 et
434 1373 617 1410 instantia.
674 1372 767 1410 haec
788 1372 882 1409 vat1s
902 1372 941 1409 in
965 1372 1124 1410 modum
1145 1372 1321 1410 dictitans
1340 1385 1456 1412 venas

89 1453 129 1476 20
146 1438 305 1475 resolvit.
362 1438 597 1475 documento
616 1437 813 1487 sequentia
840 1443 948 1474 erunt
976 1438 1074 1474 bene
1095 1437 1316 1475 Arruntium
1335 1445 1458 1477 morte

145 1514 270 1541 usum.
318 1502 506 1540 Albucilla
526 1502 637 1540 inrito
657 1502 733 1539 ictu
753 1502 802 1539 ab
824 1508 942 1539 semet
963 1502 1160 1539 vulnerata
1181 1502 1284 1540 iussu
1305 1509 1457 1542 senatus
1475 1513 1499 1543 6

146 1569 184 1605 in
232 1579 421 1606 carcerem
467 1567 594 1605 fertur.
668 1573 882 1616 stuprorum
929 1567 1010 1604 eius
1055 1567 1226 1613 ministri,
1267 1567 1458 1606 Carsidius

147 1633 333 1671 Sacerdos
369 1633 577 1683 praetorius
616 1638 656 1670 ut
698 1633 736 1668 in
777 1631 938 1669 insulam
985 1631 1258 1681 deportaretur,
1299 1632 1458 1671 Pontius

146 1699 390 1749 Fregellanus
411 1699 597 1735 amitteret
617 1697 793 1735 ordinem
810 1697 1055 1742 senatorium,
1072 1703 1108 1734 et
1132 1697 1288 1746 eaedem
1309 1710 1458 1747 poenae

89 1779 127 1811 25
146 1765 184 1801 in
214 1763 387 1801 Laelium
417 1762 579 1800 Balbum
614 1763 880 1808 decernuntur,
912 1761 949 1798 id
981 1761 1136 1810 quidem
1166 1774 1189 1799 a
1219 1762 1454 1813 laetantibus,

146 1830 234 1880 quia
251 1829 402 1866 Balbus
429 1828 524 1866 truci
548 1828 767 1877 eloquentia
790 1827 1012 1873 habebatur,
1034 1834 1233 1878 promptus
1256 1828 1456 1867 adversum

145 1895 326 1932 insontes.

198 1963 256 1997 49
290 1956 384 2008 (55).
427 1956 556 1994 Isdem
586 1956 719 1994 diebus
755 1955 840 1994 Sex.
877 1955 1057 2004 Papinius
1094 1956 1283 1994 consulari
1314 1956 1455 1995 familia

144 2024 386 2074 repentinum
415 2029 451 2060 et
484 2021 685 2059 informem
714 2021 857 2058 exitum
891 2020 1042 2070 delegit,
1073 2021 1170 2058 iacto
1200 2021 1239 2057 in
1271 2033 1455 2071 praeceps

87 2105 129 2137 30
146 2101 317 2138 corpore.
374 2099 490 2125 causa
517 2086 565 2123 ad
591 2093 750 2123 matrem
779 2085 1014 2131 referebatur,
1040 2097 1139 2134 quae
1166 2086 1314 2135 pridem
1343 2099 1454 2136 repu-
1471 2098 1493 2127 2

146 2155 246 2192 diata
274 2152 599 2190 adsentationibus
626 2157 738 2201 atque
765 2151 855 2188 luxu
882 2150 1108 2200 perpulisset
1134 2151 1307 2188 iuvenem
1330 2151 1380 2189 ad
1408 2165 1454 2190 ea

145 2230 309 2269 quorum
337 2217 518 2266 effugium
545 2229 623 2254 non
649 2217 720 2253 nisi
745 2221 866 2253 morte
894 2216 1086 2253 inveniret,
1143 2216 1254 2264 igitur
1279 2223 1487 2256 accusatas·

146 2285 186 2321 in
206 2289 349 2327 senatu,
371 2295 603 2331 quamquam
629 2294 752 2331 genua
779 2288 929 2331 patrum
949 2281 1209 2319 advolveretur
1236 2282 1452 2331 luctumque
