1634 2640
141 103 220 129 Λα).
241 87 311 142 5ο.]
508 95 658 126 LIBER
689 95 774 125 ml.
837 95 936 126 CAP.
971 100 1109 139 22-27.

141 199 362 236 auctoritate
389 198 567 236 Pallantis
595 198 801 244 festinatur,
829 199 894 248 qui
925 199 1126 237 obstrictus
1157 201 1389 250 Agrippinae
1418 210 1458 240 ut

141 263 363 302 conciliator
392 264 607 313 nuptiarum
642 270 678 301 et
711 276 803 301 mox
838 272 969 313 stupro
1002 265 1084 301 eius
1114 265 1298 313 inligatus,
1329 268 1457 304 stimu-

142 328 244 366 labat
268 327 483 369 Claudium,
506 328 718 366 consuleret
745 329 796 366 rei
822 329 1007 378 publicae,
1030 328 1237 366 Britannici
1260 331 1458 379 pueritiam

99 403 122 434 2
142 394 279 432 robore
301 393 574 431 circumdaret:
605 394 658 431 sic
686 393 789 443 apud
816 394 945 431 divum
972 394 1202 443 Augustum,
1224 406 1459 444 quamquam

142 459 343 509 nepotibus
382 459 600 505 subnixum,
631 459 796 507 viguisse
836 460 1026 509 privignos
1039 472 1048 505 ;
1097 472 1118 496 a
1150 459 1308 497 Tiberio
1349 468 1497 509 super5

142 526 336 575 propriam
376 526 530 574 stirpem
584 524 859 563 Germanicum
911 525 1182 575 adsumptum:
1233 538 1273 563 se
1306 538 1460 575 quoque

99 601 121 631 8
142 591 357 640 accingeret
386 591 519 628 iuvene
549 598 696 640 partem
728 602 903 628 curarum
931 592 1178 640 capessituro.
1236 590 1293 628 his
1319 593 1460 628 evictus

143 656 296 694 biennio
316 655 501 694 maiorem
521 662 613 692 natu
640 654 855 693 Domitium
882 656 958 694 filio
982 657 1190 706 anteponit,
1211 656 1340 694 habita
1359 655 1460 706 apud

142 727 316 760 senatum
354 721 526 759 oratione
578 722 617 757 in
666 721 831 758 eundern
870 734 987 772 quem
1025 734 1048 760 a
1086 722 1218 760 liberto
1261 728 1460 771 acceperat

99 795 124 824 4
141 786 311 825 modurn.
368 786 604 824 adnotabant
642 787 750 835 periti
803 787 947 825 nullam
997 787 1158 825 antehac
1212 787 1458 836 adoptionem
1482 796 1520 818 10

141 852 238 890 inter
273 852 453 901 patricios
490 851 674 890 Claudios
712 853 877 902 reperiri,
916 865 1060 902 eosque
1098 854 1148 890 ab
1186 853 1279 890 Atto
1318 852 1459 890 Clauso

143 917 346 955 continuos
376 917 579 955 duravisse.

197 985 265 1020 26.
295 981 477 1020 Ceterum
506 989 612 1020 actae
641 983 803 1033 principi
832 990 969 1033 grates,
994 984 1224 1033 quaesitiore
1254 984 1294 1020 in
1322 982 1458 1021 Domi-

142 1048 236 1085 tium
255 1047 499 1093 adulatione;
530 1055 740 1098 rogataque
761 1048 821 1086 lex
842 1061 918 1098 qua
938 1049 976 1086 in
997 1048 1179 1086 familiam
1201 1048 1403 1087 Claudiam
1422 1055 1459 1086 et

141 1125 285 1151 nomen
301 1111 466 1150 Neronis
486 1113 670 1151 transiret.
728 1120 889 1162 augetur
909 1122 945 1152 et
965 1114 1179 1164 Agrippina
1199 1120 1458 1164 cognomento
1481 1125 1517 1157 15

101 1185 122 1214 2
141 1178 348 1227 Augustae.
405 1178 542 1227 quibus
568 1179 724 1227 patratis
750 1190 867 1217 nemo
896 1178 992 1216 adeo
1017 1191 1152 1229 expers
1179 1179 1458 1218 misericordiae

140 1243 220 1289 fuit,
245 1254 361 1294 quem
386 1254 466 1280 non
491 1242 699 1281 Britannici
726 1243 877 1282 fortuna
903 1255 1076 1282 maerore
1105 1244 1292 1283 adficeret.
1349 1244 1457 1282 deso-

141 1308 238 1346 latus
257 1307 439 1358 paulatim
469 1308 583 1345 etiam
613 1308 810 1347 servilibus
836 1309 1050 1347 ministeriis
1076 1322 1172 1360 puer
1195 1310 1460 1359 intempestiva

104 1384 126 1413 3
143 1385 329 1412 novercae
354 1373 479 1412 officia
503 1373 541 1410 in
567 1372 771 1411 ludibrium
789 1376 969 1420 vertebat,
994 1374 1218 1424 intellegens
1243 1374 1336 1412 falsi.
1395 1387 1458 1412 ne-

142 1451 216 1490 que
242 1439 345 1477 enim
373 1450 530 1488 segnem
557 1439 592 1476 ei
619 1438 734 1477 fuisse
762 1439 932 1477 indolem
959 1439 1093 1486 ferunt,
1117 1440 1194 1478 sive
1222 1452 1365 1486 verum,
1392 1451 1459 1477 seu
1479 1452 1519 1475 20

140 1504 316 1555 periculis
336 1503 627 1542 commendatus
650 1505 801 1542 retinuit
821 1505 962 1542 famam
984 1505 1064 1542 sine
1084 1506 1358 1554 experimento.

194 1573 262 1609 2¹7.
294 1568 370 1607 Sed
397 1569 612 1618 Agrippina
645 1581 723 1619 quo
752 1570 827 1606 vim
862 1582 971 1607 suam
1002 1570 1115 1608 sociis
1147 1582 1300 1620 quoque
1335 1571 1457 1608 natio-

141 1635 253 1672 nibus
277 1641 495 1680 ostentaret,
521 1634 560 1671 in
589 1634 777 1684 oppidum
807 1634 1009 1681 Ubiorum,
1035 1636 1073 1673 in
1103 1647 1182 1685 quo
1211 1636 1338 1684 genita
1367 1644 1457 1684 erat,

139 1707 338 1738 veteranos
364 1699 636 1749 coloniamque
665 1700 801 1738 deduci
825 1700 1013 1750 impetrat,
1035 1702 1095 1738 cui
1123 1712 1267 1738 nornen
1294 1701 1457 1738 inditum

99 1775 120 1804 2
140 1778 161 1804 e
180 1764 368 1804 vocabulo
387 1764 516 1814 ipsius.
556 1776 601 1802 ac
620 1765 715 1803 forte
736 1765 925 1803 acciderat
944 1772 987 1803 ut
1006 1778 1090 1803 eam
1102 1773 1256 1816 gentem
1277 1765 1455 1804 Rhenum
1478 1781 1493 1802 2
1499 1780 1516 1812 5

139 1838 414 1879 transgressam
435 1841 526 1868 avus
545 1829 720 1879 Agrippa
738 1831 778 1868 in
799 1830 914 1868 fidem
934 1831 1133 1880 acciperet.

99 1905 121 1934 3
193 1895 323 1934 Isdem
363 1895 599 1945 temporibus
637 1895 676 1932 in
725 1896 919 1945 superiore
971 1895 1179 1934 Germania
1227 1897 1456 1947 trepidatum

84 1985 87 1987 -
140 1961 304 1999 adventu
343 1960 573 1999 Chattorum
612 1960 810 1999 latrocinia
847 1962 1081 2011 agitantium.
1138 1962 1226 2000 dein
1265 1961 1306 1999 P.
1342 1963 1455 2000 Pom-

140 2027 278 2076 ponius
315 2026 461 2076 legatus
503 2027 702 2064 auxiliares
744 2026 970 2075 Vangionas
1015 2039 1060 2065 ac
1109 2026 1292 2065 Nemetas
1327 2027 1456 2065 addito

139 2092 268 2142 equite
299 2091 415 2130 alan'o
445 2093 607 2139 inmittit,
637 2093 803 2130 monitos
834 2099 875 2130 ut
909 2091 1095 2130 anteirent
1125 2092 1369 2142 populatores
1399 2093 1455 2130 vel
1476 2105 1517 2137 30

98 2164 123 2195 4
141 2157 295 2207 dilapsis
333 2157 509 2206 inprovisi
547 2157 951 2196 circumfunderentur.
1009 2164 1046 2194 et
1090 2164 1219 2195 secuta
1255 2158 1455 2196 consilium

141 2223 251 2261 ducis
270 2221 452 2260 industria
471 2222 645 2268 militum,
667 2223 848 2273 divisique
870 2222 910 2260 in
937 2223 1013 2261 duo
1035 2223 1199 2273 agmina,
1221 2223 1286 2273 qui
1306 2223 1453 2261 laevum

141 2288 208 2326 iter
268 2287 487 2337 petiverant,
531 2299 662 2325 recens
724 2300 894 2326 reversos
956 2287 1174 2338 praedaque
1216 2301 1284 2338 per
1322 2288 1451 2326 luxum
