1634 2640
148 88 221 115 mn.
243 73 315 129 36.]
413 82 563 114 LIBER
589 84 646 115 17.
708 85 806 117 CAP.
831 92 880 126 40
901 79 1064 131 (46)-44
1088 80 1185 133 (50)-

148 197 241 224 mox
278 185 511 233 consultans,
550 199 719 236 quonam
758 187 817 225 die
855 188 1051 226 sollemnia
1089 192 1192 238 regni
1231 200 1452 241 capesseret,

149 251 288 289 litteras
319 249 492 288 Phraatis
525 259 561 289 et
597 252 789 299 Hieronis,
824 253 889 302 qui
922 253 1167 291 validissimas
1203 257 1453 304 praefecturas

106 325 131 355 6
148 316 382 366 optinebant,
402 316 547 365 accipit,
571 317 721 354 brevem
741 329 889 354 moram
910 319 1154 367 precantium.
1203 320 1454 370 placitumque

148 381 315 430 opperiri
343 381 442 418 viros
472 381 751 430 praepollentis,
783 389 895 431 atquc
930 383 1077 420 interim
1110 382 1316 432 Ctesiphon
1349 386 1455 423 sedes

148 445 293 495 imperii
313 445 449 495 petita:
477 446 542 483 sed
559 447 623 483 ubi
643 447 743 483 diem
765 459 811 484 ex
833 447 892 484 die
913 447 1163 496 prolatabant,
1181 449 1306 485 multis
1326 462 1453 487 coram
1474 463 1492 494 5

150 517 187 549 et
212 510 511 560 adprobantibus
540 510 685 548 Surena
706 512 827 561 patrio
847 523 956 550 more
978 512 1171 550 Tiridaten
1193 514 1330 563 insigni
1352 515 1455 563 regio

149 582 298 613 evrnxit.

202 644 258 679 43
285 638 384 692 (49).
412 640 470 679 Ac
500 641 530 678 si
560 642 683 678 statim
713 642 888 680 interiora
917 649 1135 692 ceterasque
1165 644 1335 682 nationes
1364 644 1456 693 peti-

149 706 274 752 visset,
305 717 487 755 oppressa
517 707 775 744 cunctantium
808 707 991 744 dubitatio
1028 714 1064 744 et
1097 719 1230 746 omnes
1263 709 1301 745 in
1337 721 1454 746 unum

150 770 354 809 cedebant:
384 771 596 809 adsidendo
617 771 824 818 castellum,
842 772 880 808 in
896 772 999 821 quod
1015 772 1218 821 pecuniam
1238 780 1273 810 et
1293 773 1455 823 paelices
1477 785 1516 808 10

110 836 367 874 aArtabanus
398 836 620 883 contulerat,
654 836 756 874 dedit
794 837 958 886 spatium
993 837 1154 874 exuendi
1189 844 1310 886 pacta.
1368 850 1456 876 nam

149 900 332 939 Phraates
350 907 388 938 et
408 900 527 939 Hiero
547 907 583 938 et
603 901 633 938 si
653 902 716 951 qui
737 901 798 939 alii
829 901 1017 939 delectum
1047 902 1233 951 capiendo
1254 902 1456 940 diademati

150 965 252 1004 diem
284 965 375 1003 haut
408 965 773 1013 concelebraverant,
805 978 892 1016 pars
922 973 1036 1012 metu,
1067 966 1221 1015 quidam
1254 967 1392 1005 invidia
1418 968 1456 1004 in

149 1030 415 1080 Abdagaesen,
437 1031 501 1080 qui
521 1037 600 1068 tum
621 1030 706 1068 aula
733 1038 768 1068 et
794 1043 894 1069 novo
918 1043 1005 1080 rege
1032 1031 1255 1080 potiebatur,
1278 1032 1326 1069 ad
1345 1031 1456 1069 Arta-

150 1097 293 1133 banum
330 1102 496 1142 vertere;
548 1096 654 1145 isque
692 1096 731 1132 in
769 1095 960 1145 Hyrcanis
998 1103 1166 1146 repertus
1211 1103 1278 1143 est,
1321 1096 1455 1134 inluvie
1476 1111 1514 1143 15

110 1167 132 1198 8
151 1160 294 1199 obsitus
332 1166 370 1198 et
407 1160 585 1198 alimenta
623 1172 714 1198 arcu
752 1161 967 1210 expediens.
1024 1173 1068 1199 ac
1105 1161 1228 1210 primo
1261 1167 1456 1211 tamquam

150 1225 260 1264 dolus
290 1232 481 1276 pararetur
512 1225 669 1272 territus,
705 1226 770 1263 ubi
801 1226 887 1263 data
918 1225 1011 1263 fides
1039 1225 1252 1263 reddendae
1282 1225 1454 1263 domina-

150 1291 242 1329 tioni
270 1290 428 1336 venisse,
459 1290 648 1328 adlevatur
675 1291 846 1327 animum
876 1296 912 1328 et
941 1302 1037 1340 quae
1066 1291 1265 1339 repentina
1298 1290 1455 1328 mutatio

107 1355 320 1406 4exquirit.
377 1361 458 1392 tum
496 1355 619 1393 Hiero
657 1355 857 1405 pueritiam
895 1355 1077 1392 Tiridatis
1113 1355 1293 1404 increpat,
1333 1367 1456 1404 neque

150 1432 267 1471 penes
287 1420 496 1458 Arsaciden
515 1420 728 1469 imperium,
750 1420 816 1457 sed
841 1421 954 1458 inane
983 1431 1126 1458 nomen
1152 1419 1254 1469 apud
1278 1419 1456 1458 inbellem
1476 1435 1514 1457 20

150 1492 306 1525 externa
325 1485 492 1531 mollitia,
513 1486 589 1523 vim
608 1485 647 1523 in
667 1484 905 1535 Abdagaesis
925 1485 1054 1523 domo,

204 1554 262 1589 44
281 1549 377 1602 (50).
409 1550 532 1588 Sensit
556 1557 660 1588 vetus
686 1550 869 1600 regnandi
897 1549 1011 1588 falsos
1038 1551 1077 1586 in
1106 1561 1234 1587 amore
1263 1549 1350 1588 odia
1378 1562 1456 1588 non

151 1617 305 1665 fingere.
362 1627 433 1653 nec
463 1615 558 1653 ultra
587 1622 767 1661 moratus,
799 1627 913 1665 quam
943 1614 1034 1652 dum
1065 1613 1291 1663 Scytharum
1320 1615 1455 1652 auxilia

150 1681 330 1727 conciret,
363 1681 485 1731 pergit
517 1693 700 1731 properus
730 1687 765 1719 et
798 1680 1042 1730 praeveniens
1071 1680 1311 1717 inimicorum
1340 1688 1453 1724 astus,

151 1747 359 1784 amicorum
378 1747 667 1796 paenitentiam;
692 1757 815 1795 neque
836 1751 992 1782 exuerat
1012 1744 1230 1793 paedorem,
1246 1751 1285 1781 ut
1302 1745 1455 1794 vulgum
1475 1758 1514 1790 25

109 1821 132 1851 2
150 1811 392 1849 miseratione
411 1811 632 1849 adverteret.
671 1823 748 1849 non
768 1809 879 1856 fraus,
897 1822 975 1847 non
997 1821 1140 1858 preces,
1162 1809 1254 1846 nihil
1273 1810 1456 1847 omissum

110 1890 132 1920 3
150 1889 227 1927 quo
255 1877 456 1926 ambiguos
479 1876 655 1922 inliceret,
677 1876 844 1925 prompti
864 1875 1109 1912 firmarentur.
1166 1874 1318 1924 iamque
1339 1875 1457 1912 multa

150 1955 266 1980 manu
285 1942 546 1993 propinquans
569 1941 760 1980 Seleuciae
780 1941 1016 1986 adventabat,
1033 1953 1119 1978 cum
1136 1940 1326 1978 Tiridates
1346 1940 1456 1978 simul

151 2007 253 2045 fama
281 2014 394 2056 atque
424 2007 509 2057 ipso
539 2007 735 2044 Artabano
765 2005 959 2055 perculsus
994 2005 1149 2043 distrahi
1182 2005 1356 2051 consiliis,
1388 2005 1456 2042 iret

110 2083 135 2112 4
152 2079 284 2111 contra
302 2084 353 2110 an
371 2072 512 2110 bellum
540 2072 779 2110 cunctatione
806 2077 992 2108 tractaret.
1049 2070 1187 2119 quibus
1213 2070 1397 2119 proelium
1418 2075 1454 2107 et
1474 2083 1516 2115 30

152 2138 314 2176 festinati
345 2149 456 2175 casus
485 2137 697 2187 placebant,
727 2136 904 2174 disiectos
937 2142 973 2173 et
1006 2135 1281 2185 longinquitate
1315 2135 1455 2172 itineris

153 2203 272 2242 fessos
295 2215 342 2241 ne
363 2203 492 2240 animo
510 2202 665 2252 quidem
687 2202 776 2240 satis
800 2201 849 2238 ad
875 2201 1100 2251 obsequium
1127 2201 1312 2239 coaluisse
1338 2200 1454 2238 disse-

153 2275 250 2314 runt,
269 2268 479 2319 proditores
498 2279 621 2318 nuper
646 2267 847 2317 hostesque
871 2266 962 2312 eius,
983 2278 1097 2315 quem
1120 2278 1269 2304 rursum
1293 2265 1453 2304 foveant.
