1634 2640
122 106 203 134 mn.
225 90 296 145 53.]
469 97 618 130 LIBER
647 97 734 129 ΧΗ.
795 98 892 129 CAP.
925 94 1064 139 56-61.

176 208 248 242 59.
278 203 328 240 At
359 201 543 240 Claudius
570 201 788 238 saevissima
816 213 990 250 quaeque
1022 214 1194 249 promere
1221 202 1441 248 adigebatur

122 268 293 306 eiusdem
319 267 553 316 Agrippinae
583 266 735 311 artibus,
764 277 861 314 quae
890 264 1076 302 Statilium
1106 266 1275 302 Taurum
1305 267 1440 315 opibus

123 333 317 370 inlustrem
353 332 467 370 hortis
501 332 581 368 eius
617 331 765 368 inhians
795 331 970 379 pervertit
999 337 1201 367 accusante
1241 331 1440 379 Tarquitio

83 406 107 436 8
125 397 265 436 Prisco.
323 397 469 447 legatus
499 397 530 434 is
559 395 676 433 Tauri
708 395 876 434 Africam
905 395 1066 444 imperio
1097 396 1355 444 proconsulari
1386 409 1440 432 re-

124 463 258 512 gentis,
290 470 495 512 postquam
527 467 758 506 revenerant‚
789 473 912 511 pauca
945 460 1235 509 repetundarum
1271 461 1440 505 crimina,
1460 475 1477 505 5

84 536 107 566 8
125 534 295 566 ceterum
322 528 492 575 magicas
520 527 802 575 superstitiones
831 526 1056 564 obiectabat.
1115 537 1186 563 nec
1215 525 1274 563 ille
1304 525 1442 562 diutius

124 592 261 631 salsum
300 598 575 637 accusatorem,
608 592 784 640 indignas
820 591 950 630 sordes
984 602 1196 640 perpessus,
1230 591 1307 627 vim
1345 592 1441 628 vitae

81 664 215 696 §suae
258 657 379 695 attulit
422 664 508 694 ante
551 657 779 694 sententiam
823 662 987 693 senatus.
1057 655 1277 705 Tarquitius
1315 662 1442 693 tamen

123 722 227 761 curia
245 729 401 760 exactus
421 728 488 767 est,
509 721 615 771 quod
641 728 766 770 patres
789 721 879 759 odio
903 721 1080 758 delatoris
1105 727 1238 758 contra
1257 721 1438 758 ambitum

123 787 355 837 Agrippinae
375 787 575 837 pervicere.
1462 797 1501 819 10

178 855 251 890 60.
281 852 431 890 Eodem
454 864 557 890 anno
585 851 736 901 saepius
760 851 888 888 audita
908 863 981 888 vox
1002 851 1194 901 principis,
1215 862 1346 899 parem
1366 850 1441 888 vim

124 929 249 955 rerum
281 916 498 954 habendam
533 929 555 954 a
589 917 894 966 procuratoribus
928 916 1006 954 suis
1045 916 1292 954 iudicatarum
1326 927 1370 953 ac
1410 916 1440 952 si

83 983 205 1032 8ipse
239 982 439 1019 statuisset.
496 993 540 1019 ac
575 993 623 1019 ne
651 981 806 1019 fortuito
835 980 1032 1030 prolapsus
1061 981 1258 1026 videretur,
1291 987 1441 1018 senatus

126 1058 279 1096 quoque
311 1046 484 1084 consulto
524 1053 678 1084 cautum
716 1046 864 1095 plenius
898 1057 1016 1095 quam
1055 1052 1166 1083 antea
1204 1052 1241 1082 et
1277 1046 1440 1083 uberius.

86 1117 108 1148 8
127 1123 217 1149 nam
248 1111 354 1149 divus
392 1112 588 1161 Augustus
621 1111 723 1160 apud
755 1118 961 1159 equestres,
992 1110 1057 1159 qui
1094 1111 1271 1160 Aegypto
1302 1111 1440 1160 praesi-
1464 1127 1498 1159 15

127 1176 271 1222 derent,
299 1176 382 1226 lege
413 1176 474 1225 agi
504 1176 729 1225 decretaque
760 1187 894 1213 eorum
924 1175 1083 1225 proinde
1114 1175 1242 1212 haberi
1271 1176 1438 1221 iusserat,

125 1253 170 1279 ac
209 1242 239 1279 si
278 1241 520 1290 magistratus
566 1240 732 1278 Romani
773 1241 1077 1286 constituissent;
1106 1252 1197 1278 mox
1236 1240 1326 1278 alias
1374 1253 1440 1290 per

123 1306 339 1356 provincias
373 1312 410 1343 et
440 1306 480 1343 in
502 1306 607 1358 ⁴urbe
640 1305 820 1355 pleraque
855 1317 1041 1343 concessa
1079 1311 1177 1351 sunt,
1212 1317 1311 1355 quae
1349 1305 1440 1343 olim

81 1375 146 1408 4a
174 1371 413 1420 praetoribus
443 1371 708 1409 noscebantur.
767 1369 950 1407 Claudius
981 1382 1095 1408 omne
1122 1371 1179 1408 ius
1206 1370 1368 1415 tradidit,
1394 1370 1439 1406 de

124 1447 202 1485 quo
231 1435 371 1473 totiens
401 1435 586 1473 seditione
616 1442 680 1472 aut
709 1435 823 1472 armis
854 1442 1051 1481 certatum,
1082 1447 1171 1472 cum
1204 1435 1441 1484 Semproniis
1461 1444 1502 1467 20

124 1501 388 1550 rogationibus
417 1507 592 1550 equester
621 1500 715 1537 ordo
744 1500 782 1536 in
811 1501 1052 1549 possessione
1082 1501 1305 1538 iudiciorum
1339 1500 1440 1537 loca-

125 1573 237 1613 retur,
267 1573 331 1603 aut
360 1577 510 1602 rursum
541 1564 718 1602 Serviliae
748 1564 852 1614 leges
881 1565 1027 1602 senatui
1056 1565 1195 1602 iudicia
1224 1565 1436 1611 redderent,

83 1634 106 1664 5
127 1629 347 1680 Mariusque
368 1637 405 1667 et
426 1629 530 1667 Sulla
550 1629 641 1667 olim
663 1629 710 1666 de
739 1641 786 1667 eo
806 1629 863 1666 vel
889 1630 1094 1679 praecipue
1121 1629 1316 1668 bellarent.
1374 1629 1441 1667 sed

125 1703 214 1733 tunc
263 1695 442 1734 ordinum
481 1695 631 1732 diversa
671 1694 806 1741 studia,
847 1701 883 1732 et
920 1706 1019 1744 quae
1058 1695 1246 1732 evicerant
1290 1695 1439 1744 publice

126 1760 310 1798 valebant.
366 1759 410 1798 C.
444 1758 595 1809 Oppius
628 1766 665 1797 et
698 1759 899 1797 Cornelius
937 1759 1079 1797 Balbus
1116 1760 1229 1809 primi
1268 1759 1440 1798 Caesaris
1461 1766 1498 1799 ²5

127 1826 264 1875 opibus
294 1832 449 1875 potuere
483 1825 729 1863 condiciones
761 1825 865 1873 pacis
897 1830 933 1862 et
966 1825 1119 1862 arbitria
1152 1825 1240 1862 belli
1271 1832 1440 1862 tractare.

87 1899 112 1929 6
131 1890 272 1929 Matios
306 1890 464 1940 posthac
495 1897 532 1927 et
563 1889 708 1928 Vedios
741 1897 779 1927 et
813 1896 936 1927 cetera
966 1890 1136 1940 equitum
1176 1890 1440 1928 Romanorum

127 1955 343 2004 praevalida
379 1955 538 1993 nomina
585 1954 722 1992 referre
764 1954 856 1992 nihil
895 1955 1094 1999 attinuerit,
1134 1967 1221 1992 cum
1260 1954 1441 1993 Claudius

126 2020 291 2067 libertos,
325 2032 423 2070 quos
460 2021 513 2058 rei
547 2019 721 2058 familiari
761 2019 1000 2069 praefecerat,
1032 2020 1180 2069 sibique
1217 2027 1254 2057 et
1292 2020 1440 2070 legibus

126 2084 400 2135 adaequaverit.
1458 2089 1500 2122 30

181 2154 243 2188 61.
274 2149 431 2188 Rettulit
451 2150 541 2187 dein
565 2150 612 2188 de
638 2150 862 2188 inmunitate
891 2150 983 2188 Cois
1012 2150 1223 2198 tribpenda,
1244 2149 1439 2200 multaque

128 2226 240 2264 super
277 2214 499 2264 antiquitate
538 2227 669 2253 eorum
709 2215 960 2269 memoravit:
1002 2215 1164 2264 Argivos
1195 2214 1252 2252 vel
1291 2214 1438 2253 Coeum

129 2278 299 2318 Latonae
350 2287 547 2330 parentem
599 2280 871 2318 vetustissimos
923 2279 1068 2317 insulae
1118 2279 1306 2326 cultores;
1346 2291 1437 2317 mox
