1634 2640
114 126 193 154 Μ).
217 112 286 167 32]
418 119 567 151 LIBER
594 119 651 150 W.
712 119 811 151 CAP.
835 126 857 158 4
881 116 1018 160 (10)-7
1043 112 1139 161 (13).

115 222 252 261 frustra
292 222 638 272 praestantissimus
679 221 883 270 sapientiae
930 221 1078 258 firmare
1118 222 1248 259 solitus
1292 230 1358 268 est,
1398 223 1429 260 si

115 287 356 326 recludantur
396 294 643 337 tyrannorum
686 295 843 327 mentes,
884 298 996 335 posse
1039 287 1157 334 aspici
1197 287 1356 324 laniatus
1394 296 1430 325 et

116 353 222 399 ictus,
258 352 413 402 quando
448 360 486 390 ut
521 364 681 401 corpora
717 352 945 400 verberibus,
983 352 1033 388 ita
1068 351 1232 396 saevitia,
1268 351 1430 395 libidine,

75 417 224 457 amalis
258 417 442 456 consultis
475 418 624 454 animus
654 418 883 455 dilaceretur.
952 417 1093 466 quippe
1124 415 1323 454 Tiberium
1354 428 1430 453 non

115 482 278 529 fortuna,
300 494 380 521 non
407 482 629 520 solitudines
656 483 906 532 protegebant
933 482 1027 532 quin
1057 488 1246 520 tormenta
1270 482 1432 532 pectoris
1450 494 1469 527 5

116 559 281 598 suasque
301 548 382 598 ipse
401 559 549 597 poenas
569 547 761 585 fateretur.

170 617 197 654 ’1
234 612 333 665 (13).
380 612 486 651 Turn
524 613 623 651 sacta
661 613 830 662 patribus
867 620 1052 662 potestate
1087 613 1274 651 statuendi
1307 612 1355 650 de
1390 611 1434 650 C.

117 678 338 718 Caeciliano
367 685 555 724 senatore,
577 679 642 728 qui
672 678 836 727 plurima
865 678 1065 715 adversum
1095 677 1249 715 Cottam
1279 689 1434 727 promp-

117 750 228 791 serat,
251 743 433 793 placitum
460 743 623 781 eandem
649 755 819 793 poenam
845 743 1011 791 inrogari
1031 755 1145 792 quam
1173 743 1212 779 in
1232 743 1434 780 Aruseium

117 815 155 847 et
193 807 459 858 Sanqniffium,
504 815 741 846 accusatores
782 806 826 845 L.
863 807 1056 852 Arruntii;
1105 819 1181 856 quo
1219 819 1297 844 non
1335 805 1435 843 aliud
1457 818 1495 840 10

117 872 427 911 honorificentius
457 872 593 911 Cottae
620 873 754 918 evenit,
784 872 849 923 qui
877 872 1016 909 nobilis
1040 872 1204 921 quidem,
1235 878 1290 909 set
1319 882 1437 919 egens

116 938 168 976 ob
196 938 342 987 luxum,
365 949 434 987 per
462 937 604 987 flagitia
633 937 796 984 infamis,
824 937 1070 975 sanctissimis
1098 936 1267 974 Arruntii
1295 936 1437 973 artibus

117 1002 301 1052 dignitate
331 1002 487 1040 ultionis
518 1003 763 1052 aequabatur.

77 1074 100 1103 2
172 1067 223 1114 Q.
266 1067 451 1105 Servaeus
506 1067 667 1116 posthac
713 1074 750 1105 et
797 1066 994 1105 Minucius
1042 1066 1235 1105 Thermus
1281 1065 1434 1111 inducti,

120 1133 304 1172 Servaeus
337 1138 514 1182 praetura
556 1132 706 1170 functus
741 1139 778 1170 et
811 1132 1010 1182 quondam
1043 1130 1262 1169 Germanici
1296 1142 1434 1176 comes,
1455 1146 1493 1178 15

118 1197 312 1236 Minucius
351 1197 517 1246 equestri
555 1197 653 1243 loco,
692 1197 866 1235 modeste
911 1197 1042 1234 habita
1080 1197 1208 1234 Seiani
1247 1196 1434 1241 amicitia;

78 1274 100 1303 3
117 1263 220 1301 unde
246 1262 317 1300 illis
346 1262 470 1300 maior
497 1262 698 1300 miseratio.
758 1268 890 1300 contra
919 1261 1100 1299 Tiberius
1129 1261 1358 1311 praecipuos
1387 1260 1437 1298 ad

118 1327 261 1366 scelera
279 1328 482 1377 increpans
502 1327 703 1364 admonuit
723 1326 768 1365 C.
785 1326 957 1364 Cestium
976 1332 1123 1376 patrem
1143 1325 1270 1364 dicere
1289 1325 1437 1363 senatui

76 1403 101 1433 4
118 1404 217 1444 quae
236 1392 307 1431 sibi
326 1393 549 1442 scripsisset,
567 1392 808 1441 suscepitque
825 1391 977 1429 Cestius
997 1391 1288 1430 accusationem.
1332 1389 1437 1439 quod

119 1459 287 1496 maxime
306 1457 494 1495 exitiabile
516 1457 633 1495 tulere
662 1457 724 1495 illa
748 1464 936 1506 tempora,
958 1468 1047 1494 cum
1072 1456 1257 1505 primores
1283 1462 1436 1493 senatus
1456 1469 1497 1493 σο

118 1523 270 1569 infimas
289 1523 406 1561 etiam
429 1522 641 1560 delationes
667 1528 899 1567 exercerent,
921 1520 982 1559 alii
1008 1520 1220 1570 propalam,
1241 1520 1349 1558 multi
1368 1532 1436 1570 per

119 1588 356 1642 occultunnx
376 1599 501 1638 neque
534 1587 766 1625 discerneres
799 1586 945 1624 alienos
979 1597 1003 1624 a
1033 1585 1259 1631 coniunctis,
1291 1585 1437 1624 amieos

120 1654 169 1691 ab
196 1652 347 1702 ignotis,
368 1652 459 1702 quid
486 1635 625 1701 reffens
652 1658 716 1689 aut
741 1658 924 1690 vetustate
951 1651 1180 1688 obscurum:
1211 1649 1367 1699 perinde
1396 1649 1436 1687 in

119 1717 216 1765 foro,
237 1718 277 1755 in
305 1717 493 1763 convivio,
514 1716 742 1787 quaun
766 1728 807 1754 re
833 1715 948 1754 locuti
975 1715 1260 1760 incusabantur,
1282 1721 1323 1752 ut
1351 1715 1436 1765 quis

120 1782 339 1834 praevenire
358 1788 395 1820 et
414 1794 520 1820 reum
542 1781 940 1831 destinarepmperat,
957 1791 1046 1830 pars
1066 1780 1115 1818 ad
1135 1779 1346 1818 subsidium
1367 1779 1435 1826 sui,
1455 1795 1494 1829 25

79 1858 102 1887 5
120 1848 246 1898 plures
265 1846 393 1885 infecti
411 1846 520 1896 quasi
541 1845 754 1884 valetudine
779 1852 816 1884 et
843 1822 1077 1884 contactus
1090 1844 1158 1883 sed
1185 1844 1380 1882 Minucius
1399 1851 1437 1883 et

122 1911 304 1952 Servaeus
341 1911 510 1950 damnati
547 1911 734 1950 indicibus
770 1922 975 1949 accessere.
1051 1910 1233 1959 tractique
1272 1916 1360 1948 sunt
1395 1909 1435 1946 in

120 1989 254 2017 casum
277 1977 443 2015 eundem
469 1976 587 2014 Iulius
607 1976 812 2014 Africanus
840 1988 861 2014 e
889 1974 1070 2014 Santonis
1099 1974 1247 2013 Gallica
1274 1974 1434 2021 civitate,

79 2052 103 2081 6
122 2042 232 2081 Seius
250 2041 490 2090 Quadratus:
519 2042 707 2091 originem
728 2053 807 2079 non
827 2040 986 2090 repperi.
1034 2051 1157 2089 neque
1178 2050 1263 2077 sum
1283 2038 1437 2088 ignarus

121 2121 145 2146 a
162 2107 352 2158 plerisque
371 2107 619 2157 scriptoribus
638 2107 782 2144 omissa
801 2106 1008 2143 multorum
1034 2103 1202 2154 pericula
1221 2110 1258 2142 et
1277 2115 1433 2154 poenas,
1454 2117 1496 2149 30

121 2173 214 2211 dum
233 2173 345 2222 copia
370 2172 548 2210 fatiscunt
574 2179 648 2219 aut,
671 2183 769 2222 quae
794 2170 884 2220 ipsis
912 2170 1031 2207 nimia
1051 2175 1088 2207 et
1110 2175 1256 2207 maesta
1275 2168 1433 2214 fuerant,

122 2250 171 2276 ne
197 2237 280 2287 pari
307 2236 433 2275 taedio
460 2236 620 2276 lecturos
649 2237 856 2275 adficerent
884 2241 1077 2274 verentur:
1112 2234 1222 2272 nobis
1251 2233 1434 2283 pleraque

123 2302 239 2352 digna
258 2302 412 2351 cognitu
431 2302 632 2348 obvenere,
653 2312 889 2352 quamquam
909 2300 958 2338 ab
977 2299 1059 2338 aliis
1077 2298 1318 2337 incelebrata.

755 2375 778 2401 r
802 2375 821 2400 2
