1634 2640
121 111 199 138 ΛΑ).
219 96 289 151 48.]
500 103 646 135 LIBER
677 103 742 135 XI.
804 105 902 135 CAP.
927 111 1065 148 29-34.

173 209 240 244 32.
271 204 361 242 Non
389 215 518 241 rumor
543 205 693 248 interea,
719 204 785 241 sed
813 204 979 252 undique
1008 206 1125 241 nuntii
1158 207 1347 251 incedunt,
1376 208 1440 256 qui

118 282 237 320 gnara
264 268 424 308 Claudio
451 276 586 306 cuncta
613 276 647 306 et
675 270 802 306 venire
831 276 1050 317 promptum
1078 269 1210 306 ultioni
1239 271 1439 308 adferrent.

78 347 100 377 2
119 336 230 385 igitur
261 333 469 372 Messalina
502 333 747 372 Lucullianos
779 334 817 370 in
849 333 990 378 hortos,
1023 333 1133 371 Silius
1165 334 1440 373 dissimulando

77 413 99 442 3
118 408 221 438 metu
240 399 288 437 ad
303 399 434 437 munia
456 399 523 437 fori
544 399 816 447 digrediuntur.
873 399 1007 436 ceteris
1023 399 1164 448 passim
1186 399 1440 437 dilabentibus

119 464 269 503 adsuere
285 466 536 510 centuriones,
552 465 745 514 inditaque
767 472 854 502 sunt
875 464 1008 510 vincla,
1025 470 1065 501 ut
1081 465 1164 513 quis
1185 465 1440 513 reperiebatur
1460 477 1477 508 5

75 540 100 569 4
118 530 158 567 in
188 530 340 580 publico
370 538 434 568 aut
463 542 530 579 per
562 530 737 568 latebras.
795 529 1006 567 Messalina
1037 535 1175 575 tamen,
1205 542 1440 579 quamquam

118 607 178 633 res
215 595 391 634 adversae
431 595 632 634 consilium
665 596 884 641 eximerent,
920 595 972 632 ire
1005 595 1156 632 obviam
1195 602 1231 632 et
1269 596 1386 644 aspici
1418 608 1441 633 a

117 661 264 706 marito,
313 661 417 710 quod
463 672 576 710 saepe
624 661 835 698 subsidium
883 660 1077 706 habuerat,
1127 660 1228 697 haud
1275 661 1440 709 segniter

117 726 289 771 intendit,
319 727 496 776 misitque
527 733 568 763 ut
597 725 838 763 Britannicus
869 732 906 763 et
936 725 1096 764 Octavia
1125 726 1163 762 in
1193 726 1436 775 complexum

75 791 232 840 5patris
264 798 472 841 pergerent.
528 798 565 829 et
598 790 803 836 Vibidiam,
837 791 1026 840 virginum
1065 791 1276 828 Vestalium
1314 799 1436 828 vetus·
1459 805 1499 828 ιο

117 856 312 902 tissimam‚
346 857 465 894 oravit
499 856 689 906 pontificis
722 856 877 893 maximi
909 867 1019 893 aures
1050 855 1164 901 adire,
1198 855 1437 893 clementiam

75 927 303 970 oexpetere.
361 928 474 971 atque
514 922 674 967 interim,
715 922 833 958 tribus
876 921 1038 959 omnino
1077 921 1439 958 comitantibus—id

117 993 271 1034 repente
318 986 530 1024 solitudinis
573 986 872 1035 erat—spatium
915 985 1019 1022 urbis
1061 985 1224 1034 pedibus
1271 997 1436 1032 emensa,

116 1050 299 1096 vehiculo,
329 1062 407 1100 quo
434 1058 688 1100 purgamenta
717 1051 913 1089 hortorum
943 1050 1190 1100 excipiuntur,
1221 1050 1437 1088 Ostiensem

116 1116 217 1152 viam
246 1116 369 1161 intrat,
399 1116 502 1153 nulla
535 1116 762 1164 cuiusquam
792 1115 1059 1162 misericordia,
1091 1116 1180 1165 quia
1210 1115 1438 1165 flagitiorum
1459 1131 1496 1162 15

119 1180 338 1218 deformitas
369 1181 621 1230 praevalebat.

172 1249 239 1284 33.
271 1245 549 1295 Trepidabatur
575 1245 692 1283 nihilo
718 1246 845 1284 minus
871 1257 894 1283 a
923 1245 1111 1284 Caesare:
1151 1246 1292 1296 quippe
1316 1245 1437 1283 Getae

118 1310 293 1360 praetorii
312 1310 505 1360 praefecto
525 1311 627 1348 haud
653 1311 742 1349 satis
770 1311 950 1357 fidebant,
974 1311 1022 1348 ad
1041 1311 1203 1349 honesta
1229 1323 1296 1348 seu
1321 1322 1435 1360 prava

77 1376 221 1413 2iuxta
250 1375 332 1413 levi.
389 1387 481 1424 ergo
514 1375 727 1422 Narcissus,
760 1376 969 1425 adsumptis
1001 1377 1138 1425 quibus
1169 1376 1268 1414 idem
1301 1381 1434 1421 metus,

117 1452 197 1478 non
229 1440 340 1479 aliam
378 1452 486 1490 spem
520 1441 785 1479 incolumitatis
825 1440 996 1479 Caesaris
1034 1441 1218 1487 adfirmat,
1253 1452 1371 1491 quam
1405 1442 1435 1477 si
1457 1455 1497 1476 20

118 1505 176 1544 ius
203 1505 363 1543 militum
394 1517 472 1543 uno
501 1505 565 1543 illo
597 1506 657 1544 die
689 1507 727 1543 in
759 1506 924 1555 aliquem
957 1506 1176 1544 libertorum
1207 1505 1433 1550 transferret,

76 1576 98 1606 3
118 1583 234 1620 seque
262 1570 374 1608 offert
401 1577 675 1620 suscepturum.
733 1583 777 1608 ac
806 1583 864 1617 ne,
891 1571 982 1608 dum
1011 1571 1050 1608 in
1079 1572 1211 1609 urbem
1235 1570 1432 1616 revehitur,

118 1636 167 1673 ad
201 1635 471 1684 paenitentiam
500 1647 522 1672 a
552 1634 596 1673 L.
617 1635 769 1674 Vitellio
799 1642 835 1673 et
863 1635 991 1684 Largo
1020 1635 1187 1674 Caecina
1215 1642 1432 1681 mutaretur,

118 1701 157 1738 in
176 1699 313 1738 eodem
332 1701 543 1750 gestamine
563 1700 693 1738 sedern
713 1701 838 1750 poscit
859 1700 1159 1751 adsumiturque.

172 1769 240 1804 34.
271 1764 414 1802 Crebra
446 1772 532 1814 post
561 1765 654 1803 haec
687 1765 788 1803 fama
820 1765 898 1812 fuit,
931 1766 1026 1803 inter
1059 1766 1226 1804 diversas
1258 1766 1434 1816 principis
1456 1777 1493 1809 25

118 1841 242 1875 voces,
280 1841 368 1867 cum
406 1829 524 1868 modo
561 1830 748 1868 incusaret
785 1830 927 1880 flagitia
963 1831 1103 1877 uxoris,
1143 1831 1350 1881 aliquando
1387 1832 1435 1869 ad

117 1894 339 1932 memoriam
361 1895 527 1943 coniugii
554 1901 590 1932 et
617 1894 813 1932 infantiam
839 1896 1042 1933 liberorum
1068 1896 1330 1942 revolveretur,
1355 1908 1434 1934 non

116 1959 216 1997 aliud
252 1959 494 2009 prolocutum
525 1959 719 1997 Vitellium
757 1972 874 2010 quam
913 1965 959 1998 ‘o
997 1961 1164 1998 facinus!
1207 1973 1231 1998 o
1269 1960 1433 1999 scelusl’

73 2031 95 2060 2
116 2024 279 2062 instabat
303 2024 459 2074 quidem
489 2023 690 2063 Narcissus
718 2026 879 2075 aperiret
907 2026 1088 2075 ambages
1116 2032 1152 2063 et
1180 2026 1257 2063 veri
1284 2026 1435 2075 copiam

116 2089 276 2127 faceret:
303 2089 369 2127 sed
385 2101 465 2128 non
480 2090 568 2128 ideo
583 2091 746 2139 pervicit,
760 2091 851 2139 quin
868 2102 1052 2140 suspensa
1068 2097 1104 2128 et
1117 2103 1196 2141 quo
1212 2090 1434 2128 ducerentur
1455 2101 1496 2131 30

117 2154 339 2191 inclinatura
379 2154 625 2204 responderet
663 2155 917 2205 exemploque
960 2156 1038 2193 eius
1080 2154 1232 2204 Largus
1271 2155 1435 2193 Caecina

74 2224 95 2253 3
115 2224 290 2256 uteretur.
344 2225 382 2256 et
410 2219 486 2256 iam
524 2227 604 2258 erat
635 2220 674 2257 in
705 2226 859 2270 aspectu
900 2219 1110 2258 Messalina
1146 2220 1435 2269 clamitabatque

117 2283 260 2321 audiret
307 2283 487 2322 Octaviae
528 2291 565 2322 et
612 2285 818 2323 Britannici
866 2292 1036 2331 matrem,
1081 2297 1169 2323 cum
1217 2286 1435 2334 obstrepere
