<?xml version="1.0" encoding="UTF-8"?>
<!DOCTYPE html PUBLIC "-//W3C//DTD XHTML 1.0 Transitional//EN"
    "http://www.w3.org/TR/xhtml1/DTD/xhtml1-transitional.dtd">
<html xmlns="http://www.w3.org/1999/xhtml" xml:lang="en" lang="en">
 <head>
  <title>
</title>
<meta http-equiv="Content-Type" content="text/html;charset=utf-8" />
  <meta name='ocr-system' content='tesseract 3.04.00' />
  <meta name='ocr-capabilities' content='ocr_page ocr_carea ocr_par ocr_line ocrx_word'/>
</head>
<body>
  <div class='ocr_page' id='page_1' title='image "annaliumwithintr02taciuoft_0125.png"; bbox 0 0 1634 2640; ppageno 0'>
   <div class='ocr_carea' id='block_1_1' title="bbox 146 73 1092 127">
    <p class='ocr_par' dir='ltr' id='par_1_1' title="bbox 146 73 1092 127">
     <span class='ocr_line' id='line_1_1' title="bbox 146 73 1092 127; baseline 0 -12"><span class='ocrx_word' id='word_1_1' title='bbox 146 89 222 115; x_wconf 81' lang='grc' dir='ltr'><strong>Α.ῐ).</strong></span> <span class='ocrx_word' id='word_1_2' title='bbox 243 73 316 127; x_wconf 81' lang='lat'>47.]</span> <span class='ocrx_word' id='word_1_3' title='bbox 516 81 667 113; x_wconf 84' lang='lat' dir='ltr'><em>LIBER</em></span> <span class='ocrx_word' id='word_1_4' title='bbox 696 81 761 113; x_wconf 82' lang='grc' dir='ltr'>ΧΙ.</span> <span class='ocrx_word' id='word_1_5' title='bbox 823 83 920 114; x_wconf 82' lang='lat' dir='ltr'>CAP.</span> <span class='ocrx_word' id='word_1_6' title='bbox 958 90 1092 124; x_wconf 86' lang='lat'>19-22.</span> 
     </span>
    </p>
   </div>
   <div class='ocr_carea' id='block_1_2' title="bbox 95 184 1461 2316">
    <p class='ocr_par' dir='ltr' id='par_1_2' title="bbox 95 184 1461 2316">
     <span class='ocr_line' id='line_1_2' title="bbox 103 184 1460 235; baseline 0 -11"><span class='ocrx_word' id='word_1_7' title='bbox 103 185 269 235; x_wconf 78' lang='lat' dir='ltr'>8pudet.</span> <span class='ocrx_word' id='word_1_8' title='bbox 328 192 532 234; x_wconf 77' lang='lat' dir='ltr'>postquam</span> <span class='ocrx_word' id='word_1_9' title='bbox 571 184 746 230; x_wconf 84' lang='lat' dir='ltr'>adolevit,</span> <span class='ocrx_word' id='word_1_10' title='bbox 787 191 949 222; x_wconf 84' lang='lat' dir='ltr'>sectator</span> <span class='ocrx_word' id='word_1_11' title='bbox 987 187 1194 234; x_wconf 81' lang='lat' dir='ltr'>quaestoris</span> <span class='ocrx_word' id='word_1_12' title='bbox 1234 189 1293 224; x_wconf 88' lang='lat' dir='ltr'>cui</span> <span class='ocrx_word' id='word_1_13' title='bbox 1334 187 1460 224; x_wconf 85' lang='lat' dir='ltr'>Africa</span> 
     </span>
     <span class='ocr_line' id='line_1_3' title="bbox 143 249 1459 299; baseline 0 -11"><span class='ocrx_word' id='word_1_14' title='bbox 143 250 339 299; x_wconf 86' lang='lat' dir='ltr'>obtigerat,</span> <span class='ocrx_word' id='word_1_15' title='bbox 361 249 451 287; x_wconf 91' lang='lat' dir='ltr'>dum</span> <span class='ocrx_word' id='word_1_16' title='bbox 479 250 519 286; x_wconf 91' lang='lat' dir='ltr'>in</span> <span class='ocrx_word' id='word_1_17' title='bbox 539 249 685 299; x_wconf 92' lang='lat' dir='ltr'>oppido</span> <span class='ocrx_word' id='word_1_18' title='bbox 713 249 926 288; x_wconf 81' lang='lat' dir='ltr'>Adrumeto</span> <span class='ocrx_word' id='word_1_19' title='bbox 953 251 1078 287; x_wconf 85' lang='lat' dir='ltr'>vacuis</span> <span class='ocrx_word' id='word_1_20' title='bbox 1106 263 1171 299; x_wconf 85' lang='lat' dir='ltr'>per</span> <span class='ocrx_word' id='word_1_21' title='bbox 1198 252 1365 288; x_wconf 86' lang='lat' dir='ltr'>medium</span> <span class='ocrx_word' id='word_1_22' title='bbox 1387 252 1459 288; x_wconf 86' lang='lat' dir='ltr'>dici</span> 
     </span>
     <span class='ocr_line' id='line_1_4' title="bbox 142 314 1460 365; baseline 0.001 -13"><span class='ocrx_word' id='word_1_23' title='bbox 142 314 349 365; x_wconf 86' lang='lat' dir='ltr'>porticibus</span> <span class='ocrx_word' id='word_1_24' title='bbox 378 322 544 352; x_wconf 88' lang='lat' dir='ltr'>secretus</span> <span class='ocrx_word' id='word_1_25' title='bbox 576 315 706 364; x_wconf 86' lang='lat' dir='ltr'>agitat,</span> <span class='ocrx_word' id='word_1_26' title='bbox 740 315 868 352; x_wconf 88' lang='lat' dir='ltr'>oblata</span> <span class='ocrx_word' id='word_1_27' title='bbox 903 315 937 352; x_wconf 90' lang='lat' dir='ltr'>ei</span> <span class='ocrx_word' id='word_1_28' title='bbox 969 316 1114 364; x_wconf 87' lang='lat' dir='ltr'>species</span> <span class='ocrx_word' id='word_1_29' title='bbox 1144 316 1335 353; x_wconf 75' lang='lat' dir='ltr'>muliebris</span> <span class='ocrx_word' id='word_1_30' title='bbox 1365 317 1460 353; x_wconf 81' lang='lat' dir='ltr'>ultra</span> 
     </span>
     <span class='ocr_line' id='line_1_5' title="bbox 142 379 1460 430; baseline -0.001 -13"><span class='ocrx_word' id='word_1_31' title='bbox 142 379 301 419; x_wconf 88' lang='lat' dir='ltr'>modum</span> <span class='ocrx_word' id='word_1_32' title='bbox 335 379 546 417; x_wconf 89' lang='lat' dir='ltr'>humanum</span> <span class='ocrx_word' id='word_1_33' title='bbox 580 386 617 417; x_wconf 90' lang='lat' dir='ltr'>et</span> <span class='ocrx_word' id='word_1_34' title='bbox 650 379 777 417; x_wconf 87' lang='lat' dir='ltr'>audita</span> <span class='ocrx_word' id='word_1_35' title='bbox 805 387 861 417; x_wconf 93' lang='lat' dir='ltr'>est</span> <span class='ocrx_word' id='word_1_36' title='bbox 890 392 963 418; x_wconf 85' lang='lat' dir='ltr'>vox</span> <span class='ocrx_word' id='word_1_37' title='bbox 999 382 1061 417; x_wconf 88' lang='lat' dir='ltr'>‘tu</span> <span class='ocrx_word' id='word_1_38' title='bbox 1095 392 1146 426; x_wconf 89' lang='lat' dir='ltr'>es,</span> <span class='ocrx_word' id='word_1_39' title='bbox 1181 379 1291 425; x_wconf 87' lang='lat' dir='ltr'>Rufe,</span> <span class='ocrx_word' id='word_1_40' title='bbox 1325 381 1389 430; x_wconf 88' lang='lat' dir='ltr'>qui</span> <span class='ocrx_word' id='word_1_41' title='bbox 1422 382 1460 416; x_wconf 92' lang='lat' dir='ltr'>in</span> 
     </span>
     <span class='ocr_line' id='line_1_6' title="bbox 103 442 1458 495; baseline 0 -14"><span class='ocrx_word' id='word_1_42' title='bbox 103 445 240 483; x_wconf 77' lang='lat' dir='ltr'>ahane</span> <span class='ocrx_word' id='word_1_43' title='bbox 259 445 498 495; x_wconf 90' lang='lat' dir='ltr'>provinciam</span> <span class='ocrx_word' id='word_1_44' title='bbox 531 457 600 494; x_wconf 92' lang='lat' dir='ltr'>pro</span> <span class='ocrx_word' id='word_1_45' title='bbox 633 444 787 482; x_wconf 88' lang='lat' dir='ltr'>consule</span> <span class='ocrx_word' id='word_1_46' title='bbox 818 442 968 482; x_wconf 89' lang='lat' dir='ltr'>venies.&#39;</span> <span class='ocrx_word' id='word_1_47' title='bbox 1025 445 1088 482; x_wconf 87' lang='lat' dir='ltr'>tali</span> <span class='ocrx_word' id='word_1_48' title='bbox 1122 445 1249 482; x_wconf 91' lang='lat' dir='ltr'>omine</span> <span class='ocrx_word' id='word_1_49' title='bbox 1284 445 1323 481; x_wconf 91' lang='lat' dir='ltr'>in</span> <span class='ocrx_word' id='word_1_50' title='bbox 1354 457 1458 494; x_wconf 87' lang='lat' dir='ltr'>spem</span> 
     </span>
     <span class='ocr_line' id='line_1_7' title="bbox 143 509 1460 560; baseline -0.002 -12"><span class='ocrx_word' id='word_1_51' title='bbox 143 510 313 548; x_wconf 88' lang='lat' dir='ltr'>sublatus</span> <span class='ocrx_word' id='word_1_52' title='bbox 343 510 619 560; x_wconf 86' lang='lat' dir='ltr'>degressusque</span> <span class='ocrx_word' id='word_1_53' title='bbox 646 510 684 547; x_wconf 93' lang='lat' dir='ltr'>in</span> <span class='ocrx_word' id='word_1_54' title='bbox 712 511 848 547; x_wconf 86' lang='lat' dir='ltr'>urbem</span> <span class='ocrx_word' id='word_1_55' title='bbox 877 510 1075 558; x_wconf 85' lang='lat' dir='ltr'>largitione</span> <span class='ocrx_word' id='word_1_56' title='bbox 1096 510 1320 555; x_wconf 89' lang='lat' dir='ltr'>amicorum,</span> <span class='ocrx_word' id='word_1_57' title='bbox 1350 509 1460 546; x_wconf 89' lang='lat' dir='ltr'>simul</span> 
     </span>
     <span class='ocr_line' id='line_1_8' title="bbox 141 573 1460 625; baseline -0.002 -12"><span class='ocrx_word' id='word_1_58' title='bbox 141 575 218 614; x_wconf 90' lang='lat' dir='ltr'>acri</span> <span class='ocrx_word' id='word_1_59' title='bbox 251 575 407 625; x_wconf 89' lang='lat' dir='ltr'>ingenio</span> <span class='ocrx_word' id='word_1_60' title='bbox 441 581 685 625; x_wconf 87' lang='lat' dir='ltr'>quaesturam</span> <span class='ocrx_word' id='word_1_61' title='bbox 720 580 757 612; x_wconf 89' lang='lat' dir='ltr'>et</span> <span class='ocrx_word' id='word_1_62' title='bbox 791 586 883 612; x_wconf 85' lang='lat' dir='ltr'>mox</span> <span class='ocrx_word' id='word_1_63' title='bbox 917 574 1064 612; x_wconf 88' lang='lat' dir='ltr'>nobiles</span> <span class='ocrx_word' id='word_1_64' title='bbox 1102 574 1199 612; x_wconf 90' lang='lat' dir='ltr'>inter</span> <span class='ocrx_word' id='word_1_65' title='bbox 1238 573 1460 612; x_wconf 83' lang='lat' dir='ltr'>candidatos</span> 
     </span>
     <span class='ocr_line' id='line_1_9' title="bbox 141 639 1461 690; baseline -0.002 -12"><span class='ocrx_word' id='word_1_66' title='bbox 141 647 356 690; x_wconf 89' lang='lat' dir='ltr'>praeturam</span> <span class='ocrx_word' id='word_1_67' title='bbox 387 640 569 690; x_wconf 91' lang='lat' dir='ltr'>principis</span> <span class='ocrx_word' id='word_1_68' title='bbox 602 639 784 688; x_wconf 85' lang='lat' dir='ltr'>suffragio</span> <span class='ocrx_word' id='word_1_69' title='bbox 815 639 1046 689; x_wconf 91' lang='lat' dir='ltr'>adsequitur,</span> <span class='ocrx_word' id='word_1_70' title='bbox 1077 651 1164 677; x_wconf 91' lang='lat' dir='ltr'>cum</span> <span class='ocrx_word' id='word_1_71' title='bbox 1200 639 1302 676; x_wconf 89' lang='lat' dir='ltr'>hisce</span> <span class='ocrx_word' id='word_1_72' title='bbox 1338 639 1461 676; x_wconf 89' lang='lat' dir='ltr'>verbis</span> 
     </span>
     <span class='ocr_line' id='line_1_10' title="bbox 142 703 1460 743; baseline -0.002 -1"><span class='ocrx_word' id='word_1_73' title='bbox 142 704 320 743; x_wconf 90' lang='lat' dir='ltr'>Tiberius</span> <span class='ocrx_word' id='word_1_74' title='bbox 350 705 517 743; x_wconf 91' lang='lat' dir='ltr'>dedecus</span> <span class='ocrx_word' id='word_1_75' title='bbox 547 705 731 742; x_wconf 91' lang='lat' dir='ltr'>natalium</span> <span class='ocrx_word' id='word_1_76' title='bbox 761 704 840 742; x_wconf 88' lang='lat' dir='ltr'>eius</span> <span class='ocrx_word' id='word_1_77' title='bbox 868 704 1086 742; x_wconf 88' lang='lat' dir='ltr'>velavisset:</span> <span class='ocrx_word' id='word_1_78' title='bbox 1128 703 1305 741; x_wconf 88' lang='lat' dir='ltr'>‘Curtius</span> <span class='ocrx_word' id='word_1_79' title='bbox 1340 703 1460 740; x_wconf 89' lang='lat' dir='ltr'>Rufus</span> 
     </span>
     <span class='ocr_line' id='line_1_11' title="bbox 100 767 1459 819; baseline 0 -15"><span class='ocrx_word' id='word_1_80' title='bbox 100 769 285 808; x_wconf 81' lang='lat' dir='ltr'>4videtur</span> <span class='ocrx_word' id='word_1_81' title='bbox 324 769 415 807; x_wconf 90' lang='lat' dir='ltr'>mihi</span> <span class='ocrx_word' id='word_1_82' title='bbox 454 782 502 807; x_wconf 81' lang='lat' dir='ltr'>ex</span> <span class='ocrx_word' id='word_1_83' title='bbox 541 782 581 808; x_wconf 94' lang='lat' dir='ltr'>se</span> <span class='ocrx_word' id='word_1_84' title='bbox 619 767 754 807; x_wconf 66' lang='lat' dir='ltr'>natus!</span> <span class='ocrx_word' id='word_1_85' title='bbox 812 769 929 818; x_wconf 85' lang='lat' dir='ltr'>longa</span> <span class='ocrx_word' id='word_1_86' title='bbox 966 775 1054 819; x_wconf 85' lang='lat' dir='ltr'>post</span> <span class='ocrx_word' id='word_1_87' title='bbox 1092 768 1185 806; x_wconf 87' lang='lat' dir='ltr'>haec</span> <span class='ocrx_word' id='word_1_88' title='bbox 1225 774 1388 814; x_wconf 89' lang='lat' dir='ltr'>senecta,</span> <span class='ocrx_word' id='word_1_89' title='bbox 1424 775 1459 804; x_wconf 86' lang='lat' dir='ltr'>et</span> 
     </span>
     <span class='ocr_line' id='line_1_12' title="bbox 141 833 1458 884; baseline -0.002 -12"><span class='ocrx_word' id='word_1_90' title='bbox 141 834 321 873; x_wconf 89' lang='lat' dir='ltr'>adversus</span> <span class='ocrx_word' id='word_1_91' title='bbox 360 835 573 884; x_wconf 88' lang='lat' dir='ltr'>superiores</span> <span class='ocrx_word' id='word_1_92' title='bbox 611 835 705 872; x_wconf 90' lang='lat' dir='ltr'>tristi</span> <span class='ocrx_word' id='word_1_93' title='bbox 740 834 973 880; x_wconf 86' lang='lat' dir='ltr'>adulatione,</span> <span class='ocrx_word' id='word_1_94' title='bbox 1007 833 1199 882; x_wconf 87' lang='lat' dir='ltr'>adrogans</span> <span class='ocrx_word' id='word_1_95' title='bbox 1233 833 1458 878; x_wconf 89' lang='lat' dir='ltr'>minoribus,</span> 
     </span>
     <span class='ocr_line' id='line_1_13' title="bbox 142 898 1460 950; baseline -0.002 -14"><span class='ocrx_word' id='word_1_96' title='bbox 142 900 238 937; x_wconf 87' lang='lat' dir='ltr'>inter</span> <span class='ocrx_word' id='word_1_97' title='bbox 266 912 375 950; x_wconf 92' lang='lat' dir='ltr'>pares</span> <span class='ocrx_word' id='word_1_98' title='bbox 404 899 576 946; x_wconf 88' lang='lat' dir='ltr'>difficilis,</span> <span class='ocrx_word' id='word_1_99' title='bbox 607 900 806 938; x_wconf 86' lang='lat' dir='ltr'>consulare</span> <span class='ocrx_word' id='word_1_100' title='bbox 840 899 1057 949; x_wconf 89' lang='lat' dir='ltr'>imperium,</span> <span class='ocrx_word' id='word_1_101' title='bbox 1089 898 1266 948; x_wconf 89' lang='lat' dir='ltr'>triumphi</span> <span class='ocrx_word' id='word_1_102' title='bbox 1299 898 1460 947; x_wconf 84' lang='lat' dir='ltr'>insignia</span> 
     </span>
     <span class='ocr_line' id='line_1_14' title="bbox 142 962 1458 1014; baseline -0.002 -12"><span class='ocrx_word' id='word_1_103' title='bbox 142 976 186 1002; x_wconf 92' lang='lat' dir='ltr'>ac</span> <span class='ocrx_word' id='word_1_104' title='bbox 222 971 418 1014; x_wconf 90' lang='lat' dir='ltr'>postremo</span> <span class='ocrx_word' id='word_1_105' title='bbox 450 964 619 1003; x_wconf 84' lang='lat' dir='ltr'>Africam</span> <span class='ocrx_word' id='word_1_106' title='bbox 655 965 840 1010; x_wconf 77' lang='lat' dir='ltr'>obtinuit3</span> <span class='ocrx_word' id='word_1_107' title='bbox 880 970 991 1013; x_wconf 88' lang='lat' dir='ltr'>atque</span> <span class='ocrx_word' id='word_1_108' title='bbox 1025 964 1077 1001; x_wconf 92' lang='lat' dir='ltr'>ibi</span> <span class='ocrx_word' id='word_1_109' title='bbox 1111 963 1312 1001; x_wconf 88' lang='lat' dir='ltr'>defunctus</span> <span class='ocrx_word' id='word_1_110' title='bbox 1345 962 1458 1000; x_wconf 85' lang='lat' dir='ltr'>fatale</span> 
     </span>
     <span class='ocr_line' id='line_1_15' title="bbox 141 1029 576 1079; baseline 0.005 -13"><span class='ocrx_word' id='word_1_111' title='bbox 141 1030 384 1079; x_wconf 65' lang='lat' dir='ltr'>praesagium</span> <span class='ocrx_word' id='word_1_112' title='bbox 401 1029 576 1079; x_wconf 89' lang='lat' dir='ltr'>implevit.</span> 
     </span>
     <span class='ocr_line' id='line_1_16' title="bbox 195 1093 1457 1144; baseline -0.002 -12"><span class='ocrx_word' id='word_1_113' title='bbox 195 1098 261 1132; x_wconf 83' lang='lat'>22.</span> <span class='ocrx_word' id='word_1_114' title='bbox 291 1094 443 1132; x_wconf 88' lang='lat' dir='ltr'>Interea</span> <span class='ocrx_word' id='word_1_115' title='bbox 482 1093 644 1141; x_wconf 89' lang='lat' dir='ltr'>Rornae,</span> <span class='ocrx_word' id='word_1_116' title='bbox 683 1095 792 1132; x_wconf 91' lang='lat' dir='ltr'>nullis</span> <span class='ocrx_word' id='word_1_117' title='bbox 835 1094 960 1144; x_wconf 90' lang='lat' dir='ltr'>palam</span> <span class='ocrx_word' id='word_1_118' title='bbox 1003 1106 1126 1144; x_wconf 90' lang='lat' dir='ltr'>neque</span> <span class='ocrx_word' id='word_1_119' title='bbox 1170 1093 1330 1143; x_wconf 86' lang='lat' dir='ltr'>cognitis</span> <span class='ocrx_word' id='word_1_120' title='bbox 1367 1104 1457 1130; x_wconf 86' lang='lat' dir='ltr'>mox</span> 
     </span>
     <span class='ocr_line' id='line_1_17' title="bbox 141 1159 1458 1210; baseline -0.003 -11"><span class='ocrx_word' id='word_1_121' title='bbox 141 1160 277 1206; x_wconf 89' lang='lat' dir='ltr'>causis,</span> <span class='ocrx_word' id='word_1_122' title='bbox 298 1159 369 1198; x_wconf 91' lang='lat' dir='ltr'>Cn.</span> <span class='ocrx_word' id='word_1_123' title='bbox 391 1160 543 1198; x_wconf 89' lang='lat' dir='ltr'>Nonius</span> <span class='ocrx_word' id='word_1_124' title='bbox 561 1173 680 1210; x_wconf 87' lang='lat' dir='ltr'>eques</span> <span class='ocrx_word' id='word_1_125' title='bbox 708 1160 909 1198; x_wconf 90' lang='lat' dir='ltr'>Romanus</span> <span class='ocrx_word' id='word_1_126' title='bbox 929 1160 1030 1198; x_wconf 86' lang='lat' dir='ltr'>ferro</span> <span class='ocrx_word' id='word_1_127' title='bbox 1056 1160 1248 1198; x_wconf 90' lang='lat' dir='ltr'>accinctus</span> <span class='ocrx_word' id='word_1_128' title='bbox 1275 1159 1458 1208; x_wconf 86' lang='lat' dir='ltr'>reperitur</span> 
     </span>
     <span class='ocr_line' id='line_1_18' title="bbox 100 1224 1458 1274; baseline -0.002 -10"><span class='ocrx_word' id='word_1_129' title='bbox 100 1226 180 1265; x_wconf 63' lang='grc' dir='ltr'>εἰη</span> <span class='ocrx_word' id='word_1_130' title='bbox 213 1232 328 1264; x_wconf 89' lang='lat' dir='ltr'>coetu</span> <span class='ocrx_word' id='word_1_131' title='bbox 361 1224 591 1262; x_wconf 88' lang='lat' dir='ltr'>salutantum</span> <span class='ocrx_word' id='word_1_132' title='bbox 625 1226 846 1274; x_wconf 87' lang='lat' dir='ltr'>principem.</span> <span class='ocrx_word' id='word_1_133' title='bbox 903 1236 993 1262; x_wconf 87' lang='lat' dir='ltr'>nam</span> <span class='ocrx_word' id='word_1_134' title='bbox 1024 1232 1230 1274; x_wconf 90' lang='lat' dir='ltr'>postquam</span> <span class='ocrx_word' id='word_1_135' title='bbox 1261 1224 1458 1262; x_wconf 88' lang='lat' dir='ltr'>tormentis</span> 
     </span>
     <span class='ocr_line' id='line_1_19' title="bbox 139 1288 1458 1339; baseline -0.002 -11"><span class='ocrx_word' id='word_1_136' title='bbox 139 1290 404 1337; x_wconf 88' lang='lat' dir='ltr'>dilaniabatur,</span> <span class='ocrx_word' id='word_1_137' title='bbox 437 1289 484 1327; x_wconf 91' lang='lat' dir='ltr'>de</span> <span class='ocrx_word' id='word_1_138' title='bbox 519 1302 558 1328; x_wconf 91' lang='lat' dir='ltr'>se</span> <span class='ocrx_word' id='word_1_139' title='bbox 589 1301 669 1328; x_wconf 91' lang='lat' dir='ltr'>non</span> <span class='ocrx_word' id='word_1_140' title='bbox 704 1290 889 1339; x_wconf 77' lang='lat' dir='ltr'>infitiatus</span> <span class='ocrx_word' id='word_1_141' title='bbox 922 1290 1101 1328; x_wconf 90' lang='lat' dir='ltr'>conscios</span> <span class='ocrx_word' id='word_1_142' title='bbox 1133 1301 1214 1327; x_wconf 91' lang='lat' dir='ltr'>non</span> <span class='ocrx_word' id='word_1_143' title='bbox 1246 1288 1372 1335; x_wconf 91' lang='lat' dir='ltr'>edidit,</span> <span class='ocrx_word' id='word_1_144' title='bbox 1403 1289 1458 1325; x_wconf 90' lang='lat' dir='ltr'>in-</span> 
     </span>
     <span class='ocr_line' id='line_1_20' title="bbox 140 1354 582 1393; baseline 0 -1"><span class='ocrx_word' id='word_1_145' title='bbox 140 1362 286 1393; x_wconf 88' lang='lat' dir='ltr'>certum</span> <span class='ocrx_word' id='word_1_146' title='bbox 304 1367 354 1392; x_wconf 91' lang='lat' dir='ltr'>an</span> <span class='ocrx_word' id='word_1_147' title='bbox 374 1354 582 1393; x_wconf 88' lang='lat' dir='ltr'>occultans.</span> 
     </span>
     <span class='ocr_line' id='line_1_21' title="bbox 96 1418 1456 1470; baseline -0.003 -10"><span class='ocrx_word' id='word_1_148' title='bbox 96 1429 119 1460; x_wconf 78' lang='lat'><em>8</em></span> <span class='ocrx_word' id='word_1_149' title='bbox 192 1419 322 1459; x_wconf 91' lang='lat' dir='ltr'>Isdem</span> <span class='ocrx_word' id='word_1_150' title='bbox 341 1420 561 1458; x_wconf 90' lang='lat' dir='ltr'>consulibus</span> <span class='ocrx_word' id='word_1_151' title='bbox 581 1420 622 1458; x_wconf 89' lang='lat' dir='ltr'>P.</span> <span class='ocrx_word' id='word_1_152' title='bbox 641 1420 841 1459; x_wconf 86' lang='lat' dir='ltr'>Dolabella</span> <span class='ocrx_word' id='word_1_153' title='bbox 861 1420 1006 1459; x_wconf 90' lang='lat' dir='ltr'>censuit</span> <span class='ocrx_word' id='word_1_154' title='bbox 1033 1419 1293 1470; x_wconf 90' lang='lat' dir='ltr'>spectaculum</span> <span class='ocrx_word' id='word_1_155' title='bbox 1313 1418 1456 1469; x_wconf 87' lang='lat' dir='ltr'>gladia-</span> 
     </span>
     <span class='ocr_line' id='line_1_22' title="bbox 138 1485 1457 1536; baseline -0.001 -13"><span class='ocrx_word' id='word_1_156' title='bbox 138 1491 266 1524; x_wconf 88' lang='lat' dir='ltr'>torum</span> <span class='ocrx_word' id='word_1_157' title='bbox 299 1498 367 1536; x_wconf 91' lang='lat' dir='ltr'>per</span> <span class='ocrx_word' id='word_1_158' title='bbox 401 1498 536 1524; x_wconf 90' lang='lat' dir='ltr'>omnes</span> <span class='ocrx_word' id='word_1_159' title='bbox 565 1498 688 1525; x_wconf 87' lang='lat' dir='ltr'>annos</span> <span class='ocrx_word' id='word_1_160' title='bbox 719 1487 986 1524; x_wconf 89' lang='lat' dir='ltr'>celebrandum</span> <span class='ocrx_word' id='word_1_161' title='bbox 1016 1486 1179 1535; x_wconf 88' lang='lat' dir='ltr'>pecunia</span> <span class='ocrx_word' id='word_1_162' title='bbox 1212 1497 1358 1531; x_wconf 91' lang='lat' dir='ltr'>eorum,</span> <span class='ocrx_word' id='word_1_163' title='bbox 1393 1485 1457 1535; x_wconf 93' lang='lat' dir='ltr'>qui</span> 
     </span>
     <span class='ocr_line' id='line_1_23' title="bbox 96 1549 1457 1602; baseline -0.001 -13"><span class='ocrx_word' id='word_1_164' title='bbox 96 1568 121 1597; x_wconf 78' lang='lat'><em>4</em></span> <span class='ocrx_word' id='word_1_165' title='bbox 139 1558 381 1602; x_wconf 90' lang='lat' dir='ltr'>quaesturam</span> <span class='ocrx_word' id='word_1_166' title='bbox 416 1551 723 1600; x_wconf 88' lang='lat' dir='ltr'>adipiscerentur.</span> <span class='ocrx_word' id='word_1_167' title='bbox 781 1551 882 1601; x_wconf 89' lang='lat' dir='ltr'>apud</span> <span class='ocrx_word' id='word_1_168' title='bbox 910 1551 1073 1590; x_wconf 90' lang='lat' dir='ltr'>maiores</span> <span class='ocrx_word' id='word_1_169' title='bbox 1101 1549 1245 1589; x_wconf 91' lang='lat' dir='ltr'>virtutis</span> <span class='ocrx_word' id='word_1_170' title='bbox 1277 1550 1317 1588; x_wconf 94' lang='lat' dir='ltr'>id</span> <span class='ocrx_word' id='word_1_171' title='bbox 1349 1563 1457 1600; x_wconf 89' lang='lat' dir='ltr'>prae-</span> 
     </span>
     <span class='ocr_line' id='line_1_24' title="bbox 138 1615 1454 1666; baseline -0.001 -13"><span class='ocrx_word' id='word_1_172' title='bbox 138 1616 260 1653; x_wconf 89' lang='lat' dir='ltr'>mium</span> <span class='ocrx_word' id='word_1_173' title='bbox 293 1615 425 1662; x_wconf 88' lang='lat' dir='ltr'>fuerat,</span> <span class='ocrx_word' id='word_1_174' title='bbox 460 1616 680 1666; x_wconf 90' lang='lat' dir='ltr'>cunctisque</span> <span class='ocrx_word' id='word_1_175' title='bbox 713 1617 864 1662; x_wconf 91' lang='lat' dir='ltr'>civium,</span> <span class='ocrx_word' id='word_1_176' title='bbox 895 1617 925 1654; x_wconf 92' lang='lat' dir='ltr'>si</span> <span class='ocrx_word' id='word_1_177' title='bbox 963 1616 1076 1654; x_wconf 90' lang='lat' dir='ltr'>bonis</span> <span class='ocrx_word' id='word_1_178' title='bbox 1108 1616 1248 1654; x_wconf 89' lang='lat' dir='ltr'>artibus</span> <span class='ocrx_word' id='word_1_179' title='bbox 1285 1615 1454 1661; x_wconf 89' lang='lat' dir='ltr'>fiderent,</span> 
     </span>
     <span class='ocr_line' id='line_1_25' title="bbox 139 1680 1456 1731; baseline -0.001 -13"><span class='ocrx_word' id='word_1_180' title='bbox 139 1681 282 1719; x_wconf 89' lang='lat' dir='ltr'>licitum</span> <span class='ocrx_word' id='word_1_181' title='bbox 316 1687 445 1730; x_wconf 87' lang='lat' dir='ltr'>petere</span> <span class='ocrx_word' id='word_1_182' title='bbox 475 1682 741 1731; x_wconf 89' lang='lat' dir='ltr'>magistratus‚·</span> <span class='ocrx_word' id='word_1_183' title='bbox 781 1693 826 1719; x_wconf 88' lang='lat' dir='ltr'>ac</span> <span class='ocrx_word' id='word_1_184' title='bbox 858 1693 906 1719; x_wconf 91' lang='lat' dir='ltr'>ne</span> <span class='ocrx_word' id='word_1_185' title='bbox 936 1688 1039 1719; x_wconf 89' lang='lat' dir='ltr'>aetas</span> <span class='ocrx_word' id='word_1_186' title='bbox 1068 1681 1223 1731; x_wconf 88' lang='lat' dir='ltr'>quidem</span> <span class='ocrx_word' id='word_1_187' title='bbox 1253 1680 1456 1730; x_wconf 83' lang='lat' dir='ltr'>distingue-</span> 
     </span>
     <span class='ocr_line' id='line_1_26' title="bbox 138 1745 1454 1798; baseline -0.002 -14"><span class='ocrx_word' id='word_1_188' title='bbox 138 1747 258 1792; x_wconf 85' lang='lat' dir='ltr'>batur,</span> <span class='ocrx_word' id='word_1_189' title='bbox 286 1747 378 1796; x_wconf 91' lang='lat' dir='ltr'>quin</span> <span class='ocrx_word' id='word_1_190' title='bbox 406 1746 529 1796; x_wconf 90' lang='lat' dir='ltr'>prima</span> <span class='ocrx_word' id='word_1_191' title='bbox 559 1747 708 1784; x_wconf 91' lang='lat' dir='ltr'>iuventa</span> <span class='ocrx_word' id='word_1_192' title='bbox 738 1747 978 1785; x_wconf 88' lang='lat' dir='ltr'>consulatum</span> <span class='ocrx_word' id='word_1_193' title='bbox 1007 1753 1045 1784; x_wconf 93' lang='lat' dir='ltr'>et</span> <span class='ocrx_word' id='word_1_194' title='bbox 1075 1746 1280 1798; x_wconf 85' lang='lat' dir='ltr'>dictaturas</span> <span class='ocrx_word' id='word_1_195' title='bbox 1309 1745 1454 1783; x_wconf 89' lang='lat' dir='ltr'>inirent.</span> 
     </span>
     <span class='ocr_line' id='line_1_27' title="bbox 96 1810 1456 1861; baseline -0.001 -12"><span class='ocrx_word' id='word_1_196' title='bbox 96 1825 119 1855; x_wconf 85' lang='lat'>5</span> <span class='ocrx_word' id='word_1_197' title='bbox 138 1811 205 1849; x_wconf 90' lang='lat' dir='ltr'>sed</span> <span class='ocrx_word' id='word_1_198' title='bbox 228 1819 449 1861; x_wconf 88' lang='lat' dir='ltr'>quaestores</span> <span class='ocrx_word' id='word_1_199' title='bbox 469 1812 621 1861; x_wconf 88' lang='lat' dir='ltr'>regibus</span> <span class='ocrx_word' id='word_1_200' title='bbox 641 1812 755 1849; x_wconf 86' lang='lat' dir='ltr'>etiarn</span> <span class='ocrx_word' id='word_1_201' title='bbox 782 1818 863 1848; x_wconf 90' lang='lat' dir='ltr'>tum</span> <span class='ocrx_word' id='word_1_202' title='bbox 890 1811 1161 1861; x_wconf 86' lang='lat' dir='ltr'>imperantibus</span> <span class='ocrx_word' id='word_1_203' title='bbox 1181 1810 1339 1848; x_wconf 90' lang='lat' dir='ltr'>instituti</span> <span class='ocrx_word' id='word_1_204' title='bbox 1358 1817 1456 1856; x_wconf 88' lang='lat' dir='ltr'>sunt,</span> 
     </span>
     <span class='ocr_line' id='line_1_28' title="bbox 95 1875 1456 1926; baseline -0.001 -12"><span class='ocrx_word' id='word_1_205' title='bbox 95 1890 119 1919; x_wconf 78' lang='lat'>6</span> <span class='ocrx_word' id='word_1_206' title='bbox 138 1876 243 1926; x_wconf 90' lang='lat' dir='ltr'>quod</span> <span class='ocrx_word' id='word_1_207' title='bbox 270 1876 332 1914; x_wconf 84' lang='lat' dir='ltr'>lex</span> <span class='ocrx_word' id='word_1_208' title='bbox 361 1877 505 1914; x_wconf 89' lang='lat' dir='ltr'>curiata</span> <span class='ocrx_word' id='word_1_209' title='bbox 527 1877 695 1915; x_wconf 89' lang='lat' dir='ltr'>ostendit</span> <span class='ocrx_word' id='word_1_210' title='bbox 724 1877 774 1914; x_wconf 90' lang='lat' dir='ltr'>ab</span> <span class='ocrx_word' id='word_1_211' title='bbox 800 1875 845 1913; x_wconf 90' lang='lat' dir='ltr'>L.</span> <span class='ocrx_word' id='word_1_212' title='bbox 866 1876 986 1914; x_wconf 93' lang='lat' dir='ltr'>Bruto</span> <span class='ocrx_word' id='word_1_213' title='bbox 1016 1876 1184 1926; x_wconf 89' lang='lat' dir='ltr'>repetita.</span> <span class='ocrx_word' id='word_1_214' title='bbox 1241 1876 1456 1926; x_wconf 88' lang='lat' dir='ltr'>mansitque</span> 
     </span>
     <span class='ocr_line' id='line_1_29' title="bbox 137 1940 1456 1992; baseline 0 -14"><span class='ocrx_word' id='word_1_215' title='bbox 137 1941 360 1979; x_wconf 89' lang='lat' dir='ltr'>consulibus</span> <span class='ocrx_word' id='word_1_216' title='bbox 390 1948 560 1991; x_wconf 89' lang='lat' dir='ltr'>potestas</span> <span class='ocrx_word' id='word_1_217' title='bbox 588 1941 790 1992; x_wconf 88' lang='lat' dir='ltr'>deligendi,</span> <span class='ocrx_word' id='word_1_218' title='bbox 820 1942 944 1980; x_wconf 92' lang='lat' dir='ltr'>donec</span> <span class='ocrx_word' id='word_1_219' title='bbox 971 1953 1059 1979; x_wconf 90' lang='lat' dir='ltr'>eum</span> <span class='ocrx_word' id='word_1_220' title='bbox 1086 1953 1240 1990; x_wconf 92' lang='lat' dir='ltr'>quoque</span> <span class='ocrx_word' id='word_1_221' title='bbox 1269 1940 1456 1978; x_wconf 88' lang='lat' dir='ltr'>honorem</span> 
     </span>
     <span class='ocr_line' id='line_1_30' title="bbox 97 2005 1456 2057; baseline 0 -13"><span class='ocrx_word' id='word_1_222' title='bbox 97 2016 120 2048; x_wconf 86' lang='grc'>’1</span> <span class='ocrx_word' id='word_1_223' title='bbox 137 2006 304 2056; x_wconf 90' lang='lat' dir='ltr'>populus</span> <span class='ocrx_word' id='word_1_224' title='bbox 336 2007 545 2045; x_wconf 87' lang='lat' dir='ltr'>mandaret.</span> <span class='ocrx_word' id='word_1_225' title='bbox 602 2007 792 2057; x_wconf 91' lang='lat' dir='ltr'>creatique</span> <span class='ocrx_word' id='word_1_226' title='bbox 830 2007 996 2056; x_wconf 88' lang='lat' dir='ltr'>primurn</span> <span class='ocrx_word' id='word_1_227' title='bbox 1031 2006 1204 2043; x_wconf 90' lang='lat' dir='ltr'>Valerius</span> <span class='ocrx_word' id='word_1_228' title='bbox 1242 2005 1388 2044; x_wconf 90' lang='lat' dir='ltr'>Potitus</span> <span class='ocrx_word' id='word_1_229' title='bbox 1419 2013 1456 2044; x_wconf 90' lang='lat' dir='ltr'>et</span> 
     </span>
     <span class='ocr_line' id='line_1_31' title="bbox 137 2070 1455 2122; baseline 0.002 -14"><span class='ocrx_word' id='word_1_230' title='bbox 137 2071 324 2110; x_wconf 89' lang='lat' dir='ltr'>Aemilius</span> <span class='ocrx_word' id='word_1_231' title='bbox 340 2071 561 2111; x_wconf 90' lang='lat' dir='ltr'>Mamercus</span> <span class='ocrx_word' id='word_1_232' title='bbox 578 2073 848 2122; x_wconf 86' lang='lat' dir='ltr'>sexagensimo</span> <span class='ocrx_word' id='word_1_233' title='bbox 868 2072 976 2110; x_wconf 89' lang='lat' dir='ltr'>tertio</span> <span class='ocrx_word' id='word_1_234' title='bbox 997 2083 1099 2109; x_wconf 91' lang='lat' dir='ltr'>anno</span> <span class='ocrx_word' id='word_1_235' title='bbox 1121 2078 1207 2120; x_wconf 92' lang='lat' dir='ltr'>post</span> <span class='ocrx_word' id='word_1_236' title='bbox 1224 2070 1455 2121; x_wconf 90' lang='lat' dir='ltr'>Tarquinios</span> 
     </span>
     <span class='ocr_line' id='line_1_32' title="bbox 96 2136 1455 2186; baseline 0.001 -12"><span class='ocrx_word' id='word_1_237' title='bbox 96 2143 307 2183; x_wconf 72' lang='lat' dir='ltr'>sexactos,</span> <span class='ocrx_word' id='word_1_238' title='bbox 340 2144 380 2174; x_wconf 93' lang='lat' dir='ltr'>ut</span> <span class='ocrx_word' id='word_1_239' title='bbox 413 2149 494 2175; x_wconf 91' lang='lat' dir='ltr'>rem</span> <span class='ocrx_word' id='word_1_240' title='bbox 527 2137 725 2176; x_wconf 90' lang='lat' dir='ltr'>militarem</span> <span class='ocrx_word' id='word_1_241' title='bbox 755 2138 1033 2176; x_wconf 90' lang='lat' dir='ltr'>comitarentur.</span> <span class='ocrx_word' id='word_1_242' title='bbox 1091 2137 1179 2174; x_wconf 91' lang='lat' dir='ltr'>dein</span> <span class='ocrx_word' id='word_1_243' title='bbox 1210 2136 1455 2186; x_wconf 86' lang='lat' dir='ltr'>gliscentibus</span> 
     </span>
     <span class='ocr_line' id='line_1_33' title="bbox 137 2201 1454 2253; baseline -0.001 -14"><span class='ocrx_word' id='word_1_244' title='bbox 137 2202 300 2251; x_wconf 88' lang='lat' dir='ltr'>negotiis</span> <span class='ocrx_word' id='word_1_245' title='bbox 331 2201 408 2240; x_wconf 92' lang='lat' dir='ltr'>duo</span> <span class='ocrx_word' id='word_1_246' title='bbox 439 2202 567 2248; x_wconf 90' lang='lat' dir='ltr'>additi,</span> <span class='ocrx_word' id='word_1_247' title='bbox 601 2203 669 2253; x_wconf 91' lang='lat' dir='ltr'>qui</span> <span class='ocrx_word' id='word_1_248' title='bbox 699 2202 849 2241; x_wconf 90' lang='lat' dir='ltr'>Romae</span> <span class='ocrx_word' id='word_1_249' title='bbox 884 2208 1079 2240; x_wconf 88' lang='lat' dir='ltr'>curarent:</span> <span class='ocrx_word' id='word_1_250' title='bbox 1118 2213 1210 2240; x_wconf 86' lang='lat' dir='ltr'>mox</span> <span class='ocrx_word' id='word_1_251' title='bbox 1243 2201 1454 2251; x_wconf 88' lang='lat' dir='ltr'>duplicatus</span> 
     </span>
     <span class='ocr_line' id='line_1_34' title="bbox 137 2267 1452 2316; baseline 0 -13"><span class='ocrx_word' id='word_1_252' title='bbox 137 2278 330 2313; x_wconf 88' lang='lat' dir='ltr'>numerus,</span> <span class='ocrx_word' id='word_1_253' title='bbox 351 2267 594 2316; x_wconf 88' lang='lat' dir='ltr'>stipendiaria</span> <span class='ocrx_word' id='word_1_254' title='bbox 610 2268 685 2305; x_wconf 90' lang='lat' dir='ltr'>iam</span> <span class='ocrx_word' id='word_1_255' title='bbox 708 2268 816 2305; x_wconf 91' lang='lat' dir='ltr'>Italia</span> <span class='ocrx_word' id='word_1_256' title='bbox 830 2274 867 2305; x_wconf 90' lang='lat' dir='ltr'>et</span> <span class='ocrx_word' id='word_1_257' title='bbox 888 2267 1159 2305; x_wconf 88' lang='lat' dir='ltr'>accedentibus</span> <span class='ocrx_word' id='word_1_258' title='bbox 1174 2267 1452 2316; x_wconf 86' lang='lat' dir='ltr'>provinciarum</span> 
     </span>
    </p>
   </div>
   <div class='ocr_carea' id='block_1_3' title="bbox 1479 460 1496 492">
    <p class='ocr_par' dir='ltr' id='par_1_3' title="bbox 1479 460 1496 492">
     <span class='ocr_line' id='line_1_35' title="bbox 1479 460 1496 492; baseline 0 0"><span class='ocrx_word' id='word_1_259' title='bbox 1479 460 1496 492; x_wconf 89' lang='lat'>5</span> 
     </span>
    </p>
   </div>
   <div class='ocr_carea' id='block_1_4' title="bbox 1480 783 1520 805">
    <p class='ocr_par' dir='ltr' id='par_1_4' title="bbox 1480 783 1520 805">
     <span class='ocr_line' id='line_1_36' title="bbox 1480 783 1520 805; baseline 0.025 -1"><span class='ocrx_word' id='word_1_260' title='bbox 1480 783 1520 805; x_wconf 88' lang='lat'>10</span> 
     </span>
    </p>
   </div>
   <div class='ocr_carea' id='block_1_5' title="bbox 1479 1106 1517 1138">
    <p class='ocr_par' dir='ltr' id='par_1_5' title="bbox 1479 1106 1517 1138">
     <span class='ocr_line' id='line_1_37' title="bbox 1479 1106 1517 1138; baseline 0 0"><span class='ocrx_word' id='word_1_261' title='bbox 1479 1106 1517 1138; x_wconf 84' lang='lat'>15</span> 
     </span>
    </p>
   </div>
   <div class='ocr_carea' id='block_1_6' title="bbox 1477 1431 1519 1454">
    <p class='ocr_par' dir='ltr' id='par_1_6' title="bbox 1477 1431 1519 1454">
     <span class='ocr_line' id='line_1_38' title="bbox 1477 1431 1519 1454; baseline -0.048 0"><span class='ocrx_word' id='word_1_262' title='bbox 1477 1431 1519 1454; x_wconf 84' lang='lat'>20</span> 
     </span>
    </p>
   </div>
   <div class='ocr_carea' id='block_1_7' title="bbox 1476 1754 1514 1787">
    <p class='ocr_par' dir='ltr' id='par_1_7' title="bbox 1476 1754 1514 1787">
     <span class='ocr_line' id='line_1_39' title="bbox 1476 1754 1514 1787; baseline 0 0"><span class='ocrx_word' id='word_1_263' title='bbox 1476 1754 1514 1787; x_wconf 83' lang='lat'>25</span> 
     </span>
    </p>
   </div>
   <div class='ocr_carea' id='block_1_8' title="bbox 1474 2085 1515 2117">
    <p class='ocr_par' dir='ltr' id='par_1_8' title="bbox 1474 2085 1515 2117">
     <span class='ocr_line' id='line_1_40' title="bbox 1474 2085 1515 2117; baseline 0 -10"><span class='ocrx_word' id='word_1_264' title='bbox 1474 2085 1515 2117; x_wconf 73' lang='lat'>30</span> 
     </span>
    </p>
   </div>
  </div>
 </body>
</html>
