1643 2655
434 86 670 118 CORNELII
702 85 871 117 TACITJ
896 83 1172 115 ANNALJUM
1223 75 1365 127 [A.u.c.
1387 83 1462 112 801.

144 190 411 240 vectigalibus:
442 196 528 240 post
549 189 631 239 lege
650 188 775 226 Sullae
795 188 926 237 viginti
943 187 1055 225 creati
1073 185 1286 236 supplendo
1303 183 1462 230 senatui,
1484 190 1508 219 9

144 256 203 294 cui
238 255 374 294 iudicia
406 255 621 293 tradiderat.
680 261 715 291 et
749 266 984 304 quamquam
1018 252 1162 301 equites
1196 251 1335 288 iudicia
1372 249 1461 286 reci-
1477 256 1524 285 10

144 322 385 371 peravissent,
410 327 612 370 quaestura
641 326 768 357 tamen
798 331 845 356 ex
876 318 1056 367 dignitate
1081 317 1371 354 candidatorum
1401 320 1465 352 aut

145 386 319 424 facilitate
349 385 595 422 tribuentium
627 384 789 433 gratuito
816 383 1110 429 concedebatur,
1131 382 1253 419 donec
1280 379 1466 418 sententia

107 462 124 493 5
145 450 367 489 Dolabellae
386 450 486 488 velut
501 448 788 487 venundaretur.

199 521 265 555 23.
295 516 342 553 A.
362 515 514 552 Vitellio
541 514 583 551 L.
604 514 793 563 Vipstano
819 512 1039 550 consulibus
1066 524 1154 549 cum
1181 510 1227 549 de
1254 508 1468 560 supplendo

147 588 279 620 senatu
308 582 512 630 agitaretur
538 580 799 628 primoresque
829 577 985 624 Galliae,
1017 589 1115 628 quae
1146 576 1309 615 Comata
1337 574 1467 624 appel-

147 648 252 692 latur,
283 646 434 684 foedera
461 652 498 683 et
529 645 717 682 civitatem
749 644 966 681 Romanam
1006 642 1152 692 pridem
1191 641 1370 687 adsecuti,
1411 640 1468 676 ius

146 711 479 761 adipiscendorum
521 711 559 747 in
607 711 699 747 urbe
748 710 938 747 honorum
977 714 1205 758 expeterent,
1245 706 1386 744 multus
1423 717 1469 742 ea

90 792 129 813 10
147 789 260 826 super
288 789 328 814 re
357 777 559 826 variusque
590 787 729 812 rumor.
788 781 824 812 et
855 773 988 811 studiis
1027 773 1182 811 diversis
1222 772 1325 821 apud
1362 770 1467 819 prin·
1488 778 1509 806 2

147 843 272 892 cipem
297 842 519 887 certabatur,
549 840 855 878 adseverantium
886 851 964 877 non
995 838 1091 876 adeo
1122 849 1276 886 aegram
1305 835 1466 881 Italiam,

148 915 188 945 ut
218 914 391 945 senatum
421 906 662 956 suppeditare
690 905 773 942 urbi
799 917 888 941 suae
917 904 1098 953 nequiret.
1157 902 1349 939 suffecisse
1379 900 1470 937 olim
1488 909 1509 938 3

148 973 345 1021 indigenas
384 971 676 1020 consanguineis
714 969 877 1020 populis,
909 982 979 1007 nec
1018 969 1212 1018 paenitere
1245 967 1381 1004 veteris
1417 965 1470 1003 rei

148 1038 331 1087 publicae.
407 1037 501 1086 quin
549 1036 674 1073 adhuc
721 1035 923 1073 memorari
971 1034 1149 1083 exempla
1195 1045 1294 1083 quae
1341 1031 1472 1081 priscis

92 1114 128 1148 15
148 1103 319 1140 moribus
349 1102 398 1140 ad
417 1102 591 1139 virtutem
618 1107 654 1138 et
679 1101 841 1150 gloriam
871 1100 1051 1138 Romana
1076 1098 1225 1137 indoles
1253 1096 1470 1148 prodiderit.

149 1181 198 1205 an
235 1179 370 1216 parurn
404 1167 510 1216 quod
538 1165 677 1204 Veneti
705 1173 742 1203 et
771 1166 951 1203 Insubres
975 1165 1122 1203 curiam
1151 1163 1371 1213 inruperint‚
1401 1161 1473 1199 nisi
1490 1168 1514 1198 4

150 1239 262 1270 coetu
293 1232 591 1280 alienigenarum
623 1231 722 1268 velut
753 1230 950 1280 captivitas
988 1229 1195 1267 inferatur?
1225 1239 1340 1277 quem
1377 1227 1473 1264 ultra
1492 1234 1514 1263 5

149 1297 336 1335 honorem
384 1296 542 1334 residuis
580 1296 778 1342 nobilium,
821 1302 883 1333 aut
922 1295 952 1333 si
1000 1295 1084 1344 quis
1123 1305 1265 1343 pauper
1303 1305 1324 1330 e
1362 1291 1474 1329 Latio

150 1369 300 1400 senator
328 1362 452 1400 foret?
490 1361 709 1411 oppleturos
740 1362 870 1399 omnia
909 1360 1041 1397 divites
1078 1359 1173 1405 illos,
1214 1369 1378 1409 quorum
1417 1356 1516 1396 avie

92 1444 131 1466 20
148 1428 355 1478 proavique
385 1426 580 1465 hostilium
610 1427 809 1465 nationum
835 1426 951 1463 duces
980 1425 1166 1463 exercitus
1194 1430 1346 1462 nostros
1376 1422 1474 1460 ferro

149 1494 260 1543 vique
303 1493 519 1539 ceciderint,
560 1493 688 1530 divum
727 1493 865 1530 Iulium
904 1492 1006 1541 apud
1035 1491 1206 1529 Alesiam
1245 1489 1472 1528 obsederint.

150 1559 316 1597 recentia
355 1558 474 1596 haec:
506 1558 597 1609 quid
636 1559 667 1596 si
707 1559 892 1596 memoria
929 1569 1061 1595 eorum
1100 1563 1278 1602 oreretur,
1310 1555 1373 1605 qui
1409 1555 1514 1595 sub'l

151 1623 341 1673 Capitolio
383 1630 420 1661 et
467 1636 554 1661 arce
604 1623 783 1662 Romana
829 1623 1005 1660 manibus
1052 1621 1263 1659 eorundem
1300 1620 1477 1670 prostrati

151 1690 250 1728 sint?
297 1690 510 1727 fruerentur
539 1701 629 1726 sane
669 1688 855 1726 vocabulo
885 1688 1065 1726 civitatis:
1114 1687 1278 1735 insignia
1313 1692 1473 1735 patrum,

93 1770 131 1801 25
151 1755 292 1792 decora
320 1753 610 1802 magistratuum
638 1765 686 1790 ne
715 1753 921 1802 vulgarent.

205 1823 274 1857 24,
305 1818 379 1855 His
408 1825 521 1867 atque
550 1817 689 1855 talibus
718 1817 821 1854 haud
851 1823 1047 1866 permotus
1076 1816 1253 1865 princeps
1281 1821 1318 1853 et
1349 1814 1473 1852 statim

152 1890 287 1922 contra
317 1883 493 1920 disseruit
523 1889 558 1919 et
587 1888 723 1919 vocato
754 1888 886 1919 senatu
915 1882 965 1918 ita
994 1893 1152 1918 exorsus
1184 1886 1261 1917 est:
1296 1879 1475 1917 ‘maiores

151 1950 237 1995 mei,
268 1960 431 1997 quorum
471 1947 753 1996 antiquissimus
793 1946 956 1984 Clausus
995 1946 1138 1995 origine
1184 1945 1324 1983 Sabina
1364 1943 1476 1982 simul

150 2014 190 2051 in
211 2014 397 2051 civitatem
429 2012 648 2050 Romanam
676 2017 714 2048 et
752 2012 790 2048 in
830 2011 989 2048 familias
1027 2011 1271 2060 patriciorum
1311 2009 1477 2047 adscitus

93 2095 134 2126 30
151 2086 217 2125 est,
246 2079 445 2116 hortantur
471 2078 525 2114 uti
553 2077 707 2127 paribus
728 2076 896 2114 consiliis
924 2077 963 2112 z'n
989 2088 1027 2113 re
1054 2075 1204 2124 publica
1229 2073 1474 2124 capessenda,

153 2143 415 2181 transferendo
462 2143 536 2180 huc
570 2142 675 2191 quod
722 2153 885 2191 usquam
933 2141 1129 2190 egregium
1169 2140 1289 2179 suerit.
1350 2151 1475 2188 neque
1498 2147 1522 2177 2

152 2209 255 2246 enim
298 2209 435 2258 ignoro
474 2208 593 2244 Iulios
633 2207 742 2252 Alba,
784 2206 1051 2243 Coruncanios
1091 2205 1279 2252 Camerio,
1319 2204 1478 2242 Porcios

155 2273 339 2320 Tusculo,
378 2279 414 2310 et
452 2285 500 2310 ne
538 2278 663 2310 vetera
701 2277 920 2318 scrutemur,
960 2270 1111 2308 Etruria
1150 2270 1396 2321 Lucaniaque
1441 2274 1478 2307 et
