1643 2655
465 115 702 148 CORNELII
732 116 904 148 TACJTJ
928 116 1206 148 ANNALJUM
1259 108 1400 162 [mue.
1425 117 1498 160 78⁹·

182 232 273 267 sere,
293 220 408 258 robur
429 219 625 270 legionum
645 221 913 271 sociorumque
942 221 1065 270 ripam
1086 220 1135 258 ad
1155 219 1361 269 Euphratis
1383 220 1498 259 ducit.

181 285 491 332 sacrificantibus,
522 298 609 324 cum
641 286 700 324 hic
730 298 837 324 more
870 286 1048 324 Romano
1079 286 1346 324 suovetaurilia
1380 285 1496 332 daret,
1514 295 1539 327 2

181 351 241 389 ille
272 363 414 401 equum
450 351 640 401 placando
674 352 777 389 amni
813 351 1047 397 adornasset,
1086 352 1306 388 nuntiavere
1341 350 1498 389 accolae

182 416 402 467 Euphraten
441 416 544 454 nulla
582 417 759 454 imbrium
794 416 829 453 vi
868 422 1003 466 sponte
1042 424 1079 453 et
1113 416 1329 453 inmensum
1366 416 1496 462 attolli,

145 491 162 522 5
183 482 293 520 simul
314 482 526 519 albentibus
547 482 690 531 spumis
711 482 749 518 in
770 482 930 519 modum
957 481 1180 519 diadematis
1200 481 1350 519 sinuare
1371 482 1496 527 orbes,

182 548 392 597 auspicium
431 548 601 596 prosperi
640 554 908 596 transgressus.
981 547 1136 596 quidam
1175 546 1347 584 callidius
1386 546 1539 586 inter-8

181 614 437 663 metabantur,
472 612 577 649 initia
617 620 775 650 conatus
815 612 982 650 secunda
1021 624 1144 661 neque
1185 612 1374 658 diuturna,
1409 611 1499 662 quia

181 690 315 715 eorum
335 689 432 726 quae
455 684 548 715 terra
576 678 728 715 caelove
754 678 1069 726 portenderentur
1090 677 1225 715 certior
1249 676 1352 723 fides,
1373 676 1498 714 flumi-

182 754 274 780 num
307 742 487 780 instabilis
527 750 659 780 natura
694 742 804 780 simul
844 743 1060 781 ostenderet
1095 743 1224 780 omina
1262 749 1499 792 raperetque.

126 819 164 842 10
182 808 248 846 sed
267 813 384 857 ponte
405 808 563 845 navibus
579 807 716 845 effecto
734 808 986 857 tramissoque
1004 809 1171 845 exercitu
1189 807 1334 857 primus
1352 806 1498 844 Ornos·
1515 814 1542 845 4

180 873 298 924 pades
319 873 445 911 multis
471 874 642 923 equitum
671 873 820 910 milibus
843 873 879 909 in
903 879 1023 910 castra
1047 873 1162 917 venit,
1186 872 1273 909 exul
1302 871 1500 922 quondam

180 947 216 977 et
255 938 422 984 Tiberio,
457 950 546 976 cum
580 937 836 975 Delmaticum
875 937 1016 975 bellum
1055 937 1271 983 conficeret,
1305 936 1407 974 haud
1444 937 1499 974 in-

179 1004 322 1054 glorius
361 1004 560 1041 auxiliator
605 1015 729 1053 eoque
775 1003 921 1040 civitate
967 1002 1147 1040 Romana
1194 1003 1366 1049 donatus,
1407 1014 1499 1040 mox

181 1070 338 1119 repetita
368 1069 531 1106 amicitia
560 1069 658 1118 regis
688 1068 809 1105 multo
839 1067 941 1117 apud
972 1080 1059 1105 eum
1093 1068 1256 1114 honore,
1290 1067 1500 1117 praefectus

124 1145 162 1178 15
180 1135 324 1184 campis
355 1134 420 1184 qui
448 1133 644 1183 Euphrate
677 1140 714 1170 et
746 1132 864 1182 Tigre
899 1132 1048 1170 inclutis
1079 1133 1256 1170 amnibus
1288 1132 1499 1171 circumflui

183 1200 493 1250 Mesopotamiae
508 1211 650 1237 nomen
663 1205 904 1248 acceperunt.
944 1210 1067 1248 neque
1080 1198 1203 1236 multo
1215 1204 1303 1248 post
1317 1197 1499 1237 Sinnaces
1515 1209 1539 1240 5

181 1272 294 1316 auget
332 1265 474 1315 copias,
510 1272 547 1302 et
585 1264 765 1302 columen
805 1264 972 1313 partium
1011 1263 1260 1312 Abdagaeses
1290 1276 1425 1313 gazam
1463 1270 1499 1301 et

181 1337 336 1380 paratus
369 1331 495 1380 regios
534 1330 657 1367 adicit.
714 1329 887 1366 Vitellius
926 1335 1137 1366 ostentasse
1177 1328 1356 1366 Romana
1393 1339 1539 1369 armac

182 1396 270 1434 satis
299 1403 401 1433 ratus
428 1401 559 1433 monet
589 1395 788 1432 Tiridaten
815 1394 1087 1443 primoresque,
1112 1393 1225 1440 hune,
1248 1393 1421 1432 Phraatis
1440 1395 1498 1432 avi

124 1479 164 1502 20
182 1469 219 1499 et
251 1461 378 1499 altoris
418 1460 591 1498 Caesaris
623 1472 797 1509 quaeque
836 1459 1037 1508 utrobique
1076 1458 1232 1508 pulchra
1270 1459 1498 1505 meminerit,

113 1521 118 1525 ⁴
182 1526 274 1574 illos,
293 1526 521 1575 obsequium
542 1526 580 1562 in
601 1537 742 1574 regem,
765 1524 1015 1562 reverentiam
1036 1524 1075 1560 in
1095 1536 1180 1569 nos,
1198 1523 1315 1562 decus
1336 1524 1497 1574 quisque

182 1604 293 1630 suum
321 1599 357 1629 et
386 1591 502 1629 fidem
531 1591 745 1629 retinerent.
802 1590 905 1627 exim
935 1601 1024 1626 cum
1049 1589 1262 1638 legionibus
1286 1590 1326 1626 in
1348 1588 1496 1627 Suriam

181 1657 372 1695 remeavit.

236 1727 291 1761 38
324 1720 422 1773 (44).
470 1721 582 1768 Quae
613 1722 762 1759 duabus
801 1721 1008 1758 aestatibus
1046 1727 1154 1770 gesta
1191 1721 1384 1766 coniunxi,
1419 1732 1496 1771 quo

124 1803 162 1837 ²5
182 1788 434 1838 requiesceret
455 1789 604 1825 animus
624 1800 646 1824 a
666 1786 880 1824 domesticis
900 1786 1008 1824 malis
1025 1798 1035 1832 ξ
1065 1798 1145 1824 non
1165 1786 1267 1823 enim
1287 1785 1497 1832 Tiberium,

182 1865 417 1903 quamquam
437 1852 600 1890 triennio
622 1858 709 1901 post
729 1851 888 1889 caedem
910 1851 1046 1897 Seiani,
1070 1863 1168 1901 quae
1189 1858 1334 1889 ceteros
1354 1851 1499 1889 mollire

183 1919 314 1964 solent,
351 1924 503 1967 tempus
541 1929 673 1967 preces
707 1917 820 1965 satias
858 1917 1091 1966 mitigabant,
1127 1916 1219 1966 quin
1257 1917 1400 1954 incerta
1441 1915 1499 1954 vel

182 1984 324 2022 abolita
343 1995 414 2033 pro
434 1983 665 2032 gravissimis
686 1988 722 2019 et
748 1981 962 2019 recentibus
989 1981 1148 2030 puniret.
1205 1993 1251 2019 eo
1280 1988 1385 2019 metu
1411 1981 1498 2018 Ful·
1516 1991 1538 2020 2

184 2050 304 2087 cinius
324 2049 432 2095 Trio,
454 2048 665 2098 ingruentis
689 2054 930 2085 accusatores
950 2046 1052 2084 haud
1078 2058 1292 2096 perpessus,
1314 2046 1499 2096 supremis

124 2133 166 2165 30
184 2115 320 2153 tabulis
349 2115 467 2152 multa
496 2121 533 2152 et
561 2113 703 2151 atrocia
732 2113 769 2149 in
801 2112 1031 2150 Macronem
1061 2124 1106 2149 ac
1133 2112 1359 2161 praecipuos
1386 2112 1498 2149 liber-

183 2187 308 2218 torum
346 2179 518 2218 Caesaris
558 2178 769 2228 conposuit,
809 2177 879 2227 ipsi
917 2177 1058 2214 fluxam
1098 2177 1205 2214 senio
1249 2183 1419 2215 mentem
1462 2182 1500 2214 et

185 2246 367 2286 continuo
387 2246 567 2284 abscessu
588 2244 687 2283 velut
716 2243 871 2281 exilium
897 2242 1139 2281 obiectando.
1197 2255 1296 2293 quae
1322 2243 1371 2281 ab
1391 2241 1496 2281 here·
1515 2249 1538 2280 3

184 2311 294 2349 dibus
324 2310 512 2349 occultata
541 2309 688 2348 recitari
717 2308 894 2346 Tiberius
924 2309 1040 2353 iussit,
1067 2308 1288 2357 patientiam
1317 2306 1497 2345 libertatis
