1634 2640
166 95 246 122 mn.
271 79 342 135 37]
440 89 589 120 LIBER
616 89 673 120 ιν.
736 89 834 121 CAP.
860 93 906 133 47
929 85 1088 131 (ssi-5¹
1115 85 1210 135 (57).

168 206 413 234 communem
440 202 476 232 et
506 195 628 244 magis
658 194 871 232 inbecillum
902 195 964 232 tali
992 207 1104 244 super
1133 209 1223 234 casu
1252 198 1474 236 seminarum

167 261 338 298 animum
373 259 520 309 aliaque
555 260 592 296 in
627 259 793 297 eundem
824 259 993 297 dolorem
1022 268 1166 297 maesta
1196 269 1232 298 et
1265 263 1475 300 miseranda

167 325 231 363 diu
260 325 382 370 ferret,
404 325 497 362 urbe
523 332 650 362 tamen
678 326 715 361 in
743 325 874 362 decem
903 337 1024 362 annos
1053 325 1238 374 prohibita
1265 335 1329 371 est,
1354 328 1473 365 donec

167 391 292 429 minor
311 390 408 428 filius
429 390 616 427 lubricum
637 390 810 427 iuventae
831 390 960 428 exiret.

222 460 281 495 50
302 455 399 507 (56).
429 455 512 492 Iam
542 455 741 492 Tiberium
769 467 917 505 corpus,
947 456 1022 492 iam
1044 457 1148 501 vires,
1169 456 1341 494 nondum
1371 457 1474 495 dissi-

166 521 325 559 mulatio
363 520 584 558 deserebat:
632 520 732 558 idem
771 521 887 558 animi
930 522 1030 570 rigor
1043 535 1051 567 ;
1096 534 1267 560 sermone
1302 535 1345 560 ac
1376 523 1474 560 vultu

167 587 332 624 intentus
370 586 541 636 quaesita
578 586 769 623 interdurn
813 587 991 624 comitate
1030 588 1198 636 quamvis
1236 588 1475 625 manifestam

127 658 149 688 2
168 651 419 690 defectionem
440 652 600 700 tegebat.
658 652 887 700 mutatisque
915 652 1064 701 saepius
1085 653 1177 690 locis
1201 652 1354 691 tandem
1374 653 1474 702 apud

166 717 467 768 promunturium
513 716 654 755 Miseni
695 717 865 755 consedit
902 718 940 754 in
978 717 1074 764 villa,
1115 718 1173 755 cui
1213 716 1255 754 L.
1295 717 1474 756 Lucullus

126 788 148 818 3
167 782 362 832 quondam
392 782 581 820 dominus.
637 782 713 820 illic
747 794 833 819 eum
863 782 1167 832 adpropinquare
1196 783 1379 832 supremis
1413 783 1473 820 tali

165 847 284 886 modo
329 854 577 897 compertum.
652 854 731 885 erat
775 847 942 886 medicus
986 855 1064 886 arte
1109 848 1276 897 insignis,
1319 848 1474 886 nomine

167 912 373 959 Charicles,
404 925 484 950 non
513 912 669 962 quidem
699 925 829 962 regere
858 913 1092 951 valetudines
1122 913 1301 963 principis
1331 913 1472 958 solitus,

125 990 150 1018 4
167 977 314 1016 consilii
333 985 462 1015 tamen
481 978 632 1028 copiam
660 979 853 1027 praebere.
911 980 941 1016 is
961 978 1058 1016 velut
1080 979 1232 1028 propria
1252 978 1300 1016 ad
1320 979 1474 1027 negotia

167 1043 381 1093 digrediens
407 1050 443 1080 et
469 1038 537 1092 per
561 1043 725 1093 speciem
752 1043 866 1081 officii
892 1056 1048 1081 manum
1075 1043 1298 1093 complexus
1323 1043 1472 1093 pulsum

126 1120 148 1149 5
167 1120 348 1147 venarum
368 1108 500 1158 attigit.
557 1120 679 1157 neque
706 1108 853 1146 fefellit:
884 1121 973 1146 nam
999 1109 1186 1155 Tiberius,
1216 1109 1400 1147 incertum
1424 1121 1472 1146 an

167 1173 336 1212 offensus
374 1180 556 1224 tantoque
595 1174 715 1223 magis
753 1175 847 1211 iram
885 1187 1074 1223 premens,
1113 1174 1306 1212 instaurari
1344 1174 1474 1223 epulas

166 1240 269 1278 iubet
288 1239 566 1289 discumbitque
586 1239 683 1276 ultra
703 1239 866 1285 solitum,
888 1240 995 1288 quasi
1015 1239 1150 1277 honori
1170 1240 1344 1277 abeuntis
1363 1240 1474 1276 amici

165 1306 353 1344 tribueret.
408 1303 602 1343 Charicles
632 1311 759 1342 tamen
788 1304 864 1341 labi
894 1304 1064 1353 spiritum
1093 1317 1163 1342 nec
1192 1304 1288 1341 ultra
1316 1304 1473 1342 biduum

123 1382 147 1412 6
166 1371 386 1409 duraturum
420 1369 596 1408 Macroni
629 1369 800 1407 firmavit.
858 1369 945 1406 inde
975 1376 1112 1407 cuncta
1141 1369 1352 1419 conloquiis
1380 1370 1475 1407 inter

166 1442 393 1486 praesentes,
426 1435 566 1472 nuntiis
601 1435 703 1484 apud
737 1435 882 1484 legatos
914 1441 951 1472 et
978 1435 1160 1472 exercitus
1194 1434 1473 1472 festinabantur.

125 1513 145 1544 7
165 1502 368 1551 septimum
389 1500 582 1539 decimum
602 1499 676 1537 kal.
697 1500 837 1550 Aprilis
864 1499 1064 1538 interclusa
1089 1500 1218 1537 anima
1239 1499 1401 1537 creditus
1419 1506 1475 1537 est

165 1566 429 1605 mortalitatem
462 1565 696 1614 explevisse;
739 1571 776 1602 et
805 1564 1171 1613 multo-gratantum
1207 1576 1394 1602 concursu
1425 1565 1474 1603 ad

166 1630 354 1681 capienda
377 1630 523 1680 imperii
551 1630 756 1679 primordia
783 1629 902 1667 Gaius
929 1628 1069 1667 Caesar
1090 1629 1364 1679 egrediebatur,
1387 1641 1473 1667 cum

164 1701 317 1746 repente
337 1694 502 1733 adfertur
521 1694 644 1732 redire
665 1694 823 1732 Tiberio
843 1706 976 1733 vocem
1004 1707 1048 1732 ac
1069 1694 1170 1732 visus
1190 1695 1390 1745 vocarique
1409 1695 1474 1745 qui

123 1771 147 1800 8
164 1760 391 1800 recreandae
412 1759 613 1798 defectioni
633 1759 760 1798 cibum
780 1759 978 1798 adferrent.
1023 1771 1140 1809 pavor
1160 1759 1247 1797 hinc
1268 1759 1306 1796 in
1326 1771 1472 1807 omnes,

165 1834 202 1866 et
230 1826 340 1865 ceteri
370 1825 512 1875 passim
543 1824 720 1874 dispergi,
747 1837 786 1864 se
816 1825 977 1875 quisque
1003 1832 1190 1863 maestum
1215 1832 1277 1863 aut
1303 1826 1473 1863 nescium

163 1893 329 1942 fingere;
359 1890 503 1930 Caesar
532 1891 571 1928 in
600 1891 790 1929 silentium
818 1891 917 1928 fixus
947 1903 969 1928 a
998 1902 1148 1928 summa
1177 1902 1242 1939 spe
1269 1891 1473 1929 novissima

121 1969 145 1999 9
163 1958 399 2008 expectabat.
457 1955 593 1994 Macro
613 1956 821 2006 intrepidus
840 1956 1003 2006 opprimi
1022 1967 1152 1993 senem
1174 1956 1312 1993 iniectu
1332 1956 1472 1994 multae

163 2023 275 2062 vestis
295 2023 399 2060 iubet
418 2021 635 2071 discedique
655 2023 705 2059 ab
725 2022 864 2061 limine.
921 2021 974 2059 sic
994 2020 1172 2058 Tiberius
1192 2021 1319 2067 finivit,
1335 2029 1471 2060 octavo

163 2095 200 2127 et
219 2087 499 2138 septuagesimo
518 2088 650 2125 aetatis
670 2099 784 2125 anno.

219 2157 269 2192 51
288 2151 384 2203 (57).
413 2152 524 2191 Pater
542 2154 576 2191 ei
602 2152 708 2192 Nero
728 2160 764 2190 et
792 2152 978 2201 utrimque
998 2151 1108 2200 origo
1131 2152 1254 2201 gentis
1275 2151 1469 2199 Claudiae,

163 2229 398 2270 quamquam
416 2225 536 2256 mater
554 2219 592 2256 in
608 2217 755 2256 Liviam
775 2224 812 2256 et
830 2229 922 2255 mox
943 2217 1078 2254 Iuliam
1097 2217 1277 2254 familiam
1297 2218 1469 2267 adoptio·

124 2295 146 2325 2
165 2284 278 2322 nibus
311 2284 509 2322 transierit.
579 2296 690 2322 casus
719 2284 841 2334 prima
869 2283 917 2321 ab
949 2282 1105 2319 infantia
1133 2283 1337 2332 ancipites;
1380 2295 1467 2320 nam

1493 472 1510 502 5

1495 793 1533 815 10

1494 1121 1530 1153 ¹5

1495 1445 1533 1468 20

1494 1769 1531 1800 25

1490 2093 1532 2124 30
