1643 2655
475 75 710 109 CORNELH
741 76 910 110 :rAcJTJ
936 74 1212 107 ANNALIUM
1277 67 1420 122 [mue.
1445 77 1516 118 γει.

202 180 341 218 litteras
361 180 564 227 excusavit,
585 180 827 229 honoresque
854 180 1061 217 memoriae
1089 179 1169 216 eius
1190 179 1239 217 ab
1260 186 1393 216 senatu
1413 178 1517 228 large

202 246 373 284 decretos
407 246 515 296 quasi
548 258 614 295 per
647 244 875 283 modestiam
907 244 1105 289 imminuit,
1138 244 1269 293 paucis
1307 243 1517 281 admodum

202 312 362 361 receptis
382 317 418 348 et
438 310 566 348 addito
588 323 634 348 ne
655 309 826 347 caelestis
846 309 977 357 religio
998 309 1262 345 decerneretur
1279 322 1286 345 :
1319 308 1372 346 sic
1395 308 1517 357 ipsam

203 376 389 414 maluisse.
452 377 543 425 quin
577 383 613 412 et
650 381 756 424 parte
787 374 957 411 eiusdem
991 373 1173 422 epistulae
1208 373 1392 422 increpuit
1423 372 1557 410 ami-2

165 455 184 489 5
202 442 306 479 citias
335 441 547 487 muliebres,
575 440 726 477 Fufium
757 439 951 477 consulem
981 438 1135 487 oblique
1164 438 1431 486 perstringens.
1487 437 1519 475 is
1536 447 1557 476 3

202 507 321 556 gratia
369 507 563 555 Augustae
614 504 803 550 floruerat,
853 509 964 552 aptus
1019 502 1240 540 adliciendis
1294 501 1519 540 feminarum

203 572 348 618 animis,
389 571 498 608 dicax
536 570 637 608 idem
680 576 716 607 et
753 569 953 606 Tiberium
995 568 1140 605 acerbis
1178 566 1320 605 facetiis
1357 566 1518 605 inridere

203 637 345 682 solitus,
369 648 528 685 quarum
549 634 652 684 apud
674 639 941 684 praepotentes
961 634 1000 670 in
1020 633 1178 682 longum
1198 632 1386 670 memoria
1406 638 1473 670 est.

257 706 292 739 3.
323 701 501 738 Ceterum
531 712 578 738 ex
612 712 659 738 eo
686 706 888 749 praerupta
918 699 993 736 iarn
1022 705 1059 736 et
1088 709 1254 746 urguens
1283 696 1518 744 dominatio;

147 785 185 807 10
203 779 291 804 nam
321 766 502 804 ineolumi
531 765 706 814 Augusta
735 771 813 802 erat
841 763 966 801 adhuc
995 763 1224 812 perfugium,
1244 762 1334 812 quia
1363 761 1520 800 Tiberio

204 834 449 870 inveteratum
469 843 560 881 erga
583 836 743 867 matrem
771 828 1007 878 obsequium,
1030 840 1154 877 neque
1176 826 1336 865 Seianus
1356 827 1520 865 audebat

203 897 410 935 auctoritati
443 894 609 945 parentis
640 895 783 932 antire:
827 901 918 931 tunc
947 893 1046 930 velut
1078 892 1194 930 frenis
1231 892 1392 930 exsoluti
1429 903 1518 942 pro·
1537 900 1559 930 2

203 967 396 1011 ruperunt,
411 961 625 1010 missaeque
640 960 680 997 in
699 959 953 1009 Agrippinam
973 970 1018 996 ac
1040 957 1238 996 Neronem
1251 958 1403 1004 litterae,
1424 968 1521 1006 quas

202 1027 349 1076 pridem
388 1026 533 1063 adlatas
571 1032 607 1062 et
645 1024 832 1062 cohibitas
871 1025 919 1061 ab
958 1023 1132 1072 Augusta
1169 1022 1328 1060 credidit
1362 1022 1498 1071 vulgus
1510 1034 1520 1068 ;

149 1109 184 1141 15
203 1091 304 1129 haud
333 1090 434 1128 enirn
467 1090 588 1128 multo
620 1096 705 1139 post
741 1095 904 1126 mortem
935 1089 1016 1126 eius
1045 1089 1222 1126 recitatae
1252 1093 1350 1125 sunt.
1408 1087 1522 1125 verba
1540 1096 1560 1126 3

203 1157 349 1194 inerant
386 1155 557 1207 quaesita
600 1154 823 1205 asperitate;
872 1154 940 1191 sed
987 1165 1066 1191 non
1113 1165 1229 1200 arma,
1269 1164 1350 1190 non
1396 1164 1522 1190 rerum

203 1232 388 1259 novarum
421 1220 599 1266 studium,
629 1231 781 1257 amores
813 1219 992 1257 iuvenum
1030 1225 1067 1256 et
1100 1217 1362 1268 inpudicitiam
1393 1217 1522 1267 nepoti

204 1287 430 1324 oblectabat.
505 1285 545 1322 in
582 1297 722 1322 nurum
765 1296 812 1321 ne
850 1284 888 1321 id
935 1283 1091 1333 quidem
1137 1282 1357 1332 confingere
1395 1293 1562 1327 ausus‚4

205 1351 469 1400 adrogantiam
492 1350 569 1388 oris
597 1356 634 1388 et
664 1356 934 1387 contumacem
963 1349 1133 1386 animum
1163 1348 1357 1394 incusavit,
1377 1359 1521 1396 magno

148 1432 187 1455 20
205 1423 357 1455 senatus
394 1428 534 1465 pavore
573 1427 617 1453 ac
662 1414 822 1460 silentio,
862 1413 988 1451 donec
1032 1414 1153 1463 pauci,
1194 1414 1278 1463 quis
1326 1412 1428 1450 nulla
1475 1425 1520 1450 ex

204 1482 366 1519 honesto
386 1493 471 1530 spes
492 1478 546 1532 (et
574 1480 728 1530 publica
751 1480 851 1517 mala
877 1478 1035 1528 singulis
1060 1479 1098 1516 in
1117 1477 1361 1516 occasionem
1380 1478 1522 1527 gratiae

205 1546 429 1595 trahuntur),
468 1552 510 1583 ut
557 1545 754 1583 referretur
791 1544 1042 1594 postulavere,
1081 1543 1367 1593 promptissimo
1409 1541 1524 1581 Cotta

205 1612 413 1650 Messalino
452 1622 540 1650 cum
580 1610 700 1648 atroci
737 1609 935 1648 sententia.
1011 1608 1078 1646 sed
1115 1608 1197 1646 aliis
1234 1620 1257 1645 a
1294 1607 1562 1657 primoribuss

204 1677 446 1726 maximeque
479 1688 501 1713 a
531 1675 813 1724 magistratibus
842 1673 1127 1723 trepidabatur:
1171 1673 1313 1723 quippe
1343 1671 1523 1710 Tiberius

149 1759 162 1782 2
169 1759 186 1790 5
205 1742 274 1780 etsi
293 1741 439 1779 infense
458 1740 630 1778 invectus
651 1746 777 1778 cetera
797 1740 978 1788 ambigua
997 1739 1207 1789 reliquerat.

258 1811 296 1844 4.
325 1806 412 1843 Fuit
445 1806 485 1843 in
516 1812 649 1843 senatu
683 1804 814 1842 Iunius
846 1804 1040 1849 Rusticus,
1074 1802 1342 1853 conponendis
1370 1807 1522 1852 patrum

205 1872 298 1910 actis
337 1870 501 1909 delectus
539 1882 562 1907 a
599 1869 777 1915 Caesare,
816 1881 940 1919 eoque
984 1867 1249 1906 meditationes
1286 1867 1366 1905 eius
1403 1868 1520 1905 intro-

205 1936 349 1985 spicere
374 1935 550 1973 creditus.
608 1934 639 1972 is
666 1933 769 1972 fatali
799 1933 968 1984 quodam
996 1939 1104 1971 motu
1133 1932 1274 1984 (neque
1303 1932 1405 1971 enim
1433 1938 1520 1971 ante
1539 1941 1560 1971 2

206 2002 400 2051 specimen
430 2000 664 2038 constantiae
693 1997 865 2048 dederat)
894 2009 960 2036 seu
989 2010 1104 2047 prava
1134 1997 1305 2043 sollertia,
1330 1996 1422 2034 dum
1451 1996 1522 2034 irn-

150 2081 190 2112 30
207 2067 433 2104 minentium
459 2064 596 2103 oblitus
625 2064 768 2103 incerta
791 2070 915 2113 pavet,
936 2063 1100 2100 inserere
1127 2074 1167 2099 se
1194 2062 1454 2100 dubitantibus
1477 2073 1522 2101 ac

207 2144 362 2169 monere
401 2130 578 2170 consules
615 2141 663 2167 ne
701 2128 923 2167 relationem
962 2128 1190 2177 inciperent;
1239 2127 1523 2177 disserebatque

207 2197 384 2234 brevibus
416 2194 623 2233 momentis
653 2205 803 2232 summa
835 2193 926 2230 verti
942 2206 952 2240 ;
993 2204 1106 2242 posse
1136 2192 1369 2242 quandoque
1397 2192 1523 2230 domus

208 2261 426 2300 Germanici
463 2260 619 2297 exitium
657 2258 911 2308 paenitentiae
943 2270 1014 2295 esse
1053 2258 1144 2295 seni.
1214 2257 1323 2295 simul
1357 2256 1561 2307 populus3
