1634 2640
132 102 212 129 mn.
233 86 306 142 μ]
473 95 622 127 LIBER
652 95 740 127 ΧΗ.
799 95 898 126 CAP.
930 92 1068 137 52-56.

132 205 225 244 rent,
264 197 458 236 discordes
494 196 585 234 olim
622 204 658 234 et
687 203 769 233 tum
803 203 1021 245 contemptu
1059 198 1268 246 regentium
1314 199 1440 235 minus

91 263 302 303 §coercitis
331 261 438 300 odiis.
496 261 606 310 igitur
638 266 786 310 raptare
814 261 909 298 inter
939 272 990 305 se,
1019 261 1219 298 immittere
1249 262 1439 300 latronum

131 328 278 377 globos,
309 337 539 375 componere
573 325 727 362 insidias
761 331 796 362 et
830 325 1035 374 aliquando
1063 325 1216 373 proeliis
1245 326 1438 374 congredi,

91 400 116 431 δ
132 393 328 442 spoliaque
356 398 392 428 et
419 389 578 440 praedas
605 389 654 427 ad
681 396 947 439 procuratores
974 388 1121 427 referre.
1179 389 1290 439 hique
1318 390 1440 438 primo

132 456 272 503 laetari,
302 468 393 494 mox
431 455 612 505 gliscente
649 455 815 504 pernicie
856 466 944 492 cum
987 466 1094 492 arma
1131 454 1292 492 militum
1328 455 1439 492 inter·
1460 467 1478 500 5

131 522 316 567 iecissent,
336 520 436 559 caesi
461 519 620 566 milites;
651 520 875 569 arsissetque
904 519 1003 557 bello
1024 520 1227 569 provincia,
1250 520 1288 556 ni
1308 519 1440 566 Quad-

89 597 119 631 ο
135 592 236 624 ratus
262 585 393 624 Suriae
419 593 541 624 rector
570 585 814 623 subvenisset.
870 597 940 622 nec
969 584 1032 622 diu
1059 584 1237 623 adversus
1264 585 1440 630 Iudaeos,

132 651 197 701 qui
227 651 266 688 in
295 662 429 689 necem
462 650 624 688 militum
661 657 920 699 proruperant,
957 649 1168 687 dubitatum
1197 650 1289 698 quin
1319 650 1440 698 capite

131 727 276 764 poenas
302 715 469 760 luerent;
501 714 698 752 Cumanus
717 722 753 752 et
774 714 877 752 Felix
898 715 1181 752 cunctationem
1208 714 1440 759 adserebant,

131 780 220 829 quia
240 779 422 818 Claudius
442 780 566 817 causis
584 778 800 816 rebellionis
820 779 955 817 auditis
976 780 1033 816 ius
1053 779 1240 816 statuendi
1259 779 1373 816 etiam
1393 778 1439 816 de
1463 789 1502 811 ιο

91 854 113 886 ⁰1
131 845 437 894 procuratoribus
457 844 620 882 dederat.
676 844 744 881 sed
759 842 978 890 Quadratus
999 843 1165 881 Felicem
1185 844 1282 880 inter
1297 844 1440 881 iudices

132 909 344 955 ostentavit,
364 916 558 959 receptum
584 909 624 946 in
649 908 822 954 tribunal,
843 920 922 958 quo
945 908 1069 946 studia
1093 909 1352 946 accusantium
1378 908 1438 945 de-

130 980 375 1020 terrerentur3
406 974 683 1023 damnatusque
710 972 938 1022 flagitiorum
968 985 1064 1023 quae
1098 973 1175 1011 duo
1205 973 1440 1023 deliquerant

131 1038 340 1086 Cumanus,
362 1047 398 1076 et
417 1039 522 1089 quies
542 1038 757 1088 provinciae
778 1038 935 1076 reddita.

185 1109 256 1143 55.
287 1103 369 1142 Nec
398 1103 519 1141 multo
547 1110 635 1153 post
665 1103 869 1152 agrestium
899 1102 1062 1140 Cilicum
1092 1104 1276 1149 nationes,
1304 1103 1438 1152 quibus
1461 1115 1498 1148 15

131 1168 315 1207 Clitarum
363 1176 676 1218 cognomentum,
715 1180 826 1216 saepe
877 1173 914 1205 et
951 1167 1041 1205 alias
1079 1175 1308 1213 commotae,
1348 1175 1439 1205 tune

131 1233 360 1272 Troxobore
390 1228 485 1271 duc'e
517 1240 668 1270 montes
698 1243 853 1282 asperos
885 1233 1014 1270 castris
1047 1244 1182 1281 cepere
1211 1240 1323 1281 atque
1352 1231 1439 1269 inde

131 1297 293 1336 decursu
322 1298 363 1335 in
389 1297 501 1352 litora*
528 1303 592 1335 aut
620 1297 732 1334 urbes
760 1297 836 1333 vim
867 1296 1071 1334 cultoribus
1099 1304 1137 1334 et
1165 1296 1365 1346 oppidanis
1394 1308 1438 1333 ac

89 1373 112 1402 2
130 1362 351 1412 plerumque
371 1363 410 1399 in
426 1368 654 1400 mercatores
673 1368 710 1399 et
730 1361 976 1399 navicularios
1005 1361 1205 1398 audebant.
1263 1361 1438 1398 obsessa-

129 1439 204 1477 que
241 1428 369 1466 civitas
407 1427 702 1473 Anemuriensis,
742 1433 778 1464 et
815 1427 920 1464 missi
957 1439 978 1464 e
1011 1425 1118 1463 Suria
1150 1426 1190 1463 in
1227 1425 1438 1463 subsidium
1460 1438 1499 1460 20

130 1493 273 1542 equites
305 1504 392 1531 cum
424 1492 616 1542 praefecto
647 1491 779 1530 Curtio
813 1491 952 1529 Severo
982 1492 1187 1537 turbantur,
1222 1490 1326 1540 quod
1356 1490 1438 1527 duri

131 1558 271 1595 circum
299 1557 371 1595 loci
399 1557 662 1606 peditibusque
695 1556 744 1594 ad
772 1567 943 1605 pugnam
971 1555 1098 1593 idonei
1128 1562 1298 1604 equestre
1327 1566 1437 1603 proe-

89 1631 113 1662 8
130 1621 221 1658 lium
242 1621 343 1659 haud
362 1621 609 1670 patiebantur.
658 1621 746 1658 dein
766 1633 831 1658 rex
851 1621 931 1658 eius
950 1632 1039 1657 orae
1058 1619 1271 1657 Antiochus
1291 1619 1437 1656 blandi-

130 1686 266 1724 mentis
291 1686 488 1723 adversum
508 1685 670 1735 plebem,
692 1685 821 1722 fraude
848 1685 887 1721 in
907 1685 1042 1722 ducem
1071 1696 1160 1722 cum
1188 1684 1436 1722 barbarorum

129 1751 260 1800 copias
288 1751 536 1796 dissociasset‚
567 1750 794 1788 Troxobore
828 1750 1034 1799 paucisque
1068 1749 1296 1799 primoribus
1324 1749 1435 1787 inter·
1457 1761 1496 1793 ²5

129 1815 236 1854 sectis
255 1822 401 1854 ceteros
420 1815 621 1854 clementia
640 1815 865 1864 composuit.

183 1884 252 1919 56.
283 1879 362 1918 Sub
391 1880 493 1918 idem
521 1887 671 1929 tempus
700 1880 796 1917 inter
829 1879 952 1916 lacum
987 1879 1174 1916 Fucinum
1208 1891 1436 1928 amnemque

129 1944 249 1983 Lirim
271 1953 453 1994 perrupto
480 1952 623 1990 monte,
652 1956 730 1994 quo
758 1944 1038 1993 magnificentia
1065 1945 1192 1993 operis
1217 1955 1240 1981 a
1267 1944 1437 1992 pluribus

128 2010 317 2056 viseretur,
336 2009 422 2047 lacu
443 2010 480 2045 in
497 2009 580 2058 ipso
601 2009 734 2046 navale
749 2009 934 2058 proelium
950 2008 1164 2053 adornatur,
1182 2015 1222 2044 ut
1241 2007 1436 2057 quondam

129 2073 325 2123 Augustus
348 2080 491 2111 structo
513 2079 617 2110 trans
646 2073 817 2111 Tiberim
845 2080 992 2122 stagno,
1017 2072 1084 2110 sed
1110 2072 1252 2109 levibus
1280 2071 1436 2121 navigiis
1455 2080 1497 2112 30

88 2146 112 2176 8
129 2145 166 2177 et
185 2139 332 2176 minore
352 2138 464 2187 copia
482 2137 660 2175 ediderat.
715 2136 894 2175 Claudius
915 2137 1082 2175 triremes
1101 2136 1436 2187 quadriremesque

128 2210 165 2241 et
183 2202 415 2252 undeviginti
433 2201 634 2239 hominum
659 2202 762 2240 milia
782 2202 949 2248 armavit,
971 2201 1097 2239 cincto
1117 2202 1259 2239 ratibus
1279 2201 1434 2248 ambitu,

129 2279 177 2306 ne
200 2279 296 2316 vaga
321 2266 462 2315 efiugia
487 2265 622 2312 forent,
646 2279 691 2305 ac
719 2274 845 2304 tamen
870 2266 1035 2316 spatium
1062 2266 1261 2316 amplexus
1287 2266 1335 2304 ad
1360 2266 1435 2303 vim
