1634 2640
123 113 197 140 ιω.
215 98 288 153 47]
524 109 673 142 LIBER
702 111 769 143 xl.
828 113 928 145 CAP.
958 121 1045 158 3-7·

123 211 307 262 multique
354 212 537 250 audaciae
584 215 664 252 eius
703 216 865 261 aemuli;
915 229 1003 255 nam
1043 228 1179 258 cuncta
1224 222 1350 270 legum
1397 232 1434 262 et

123 277 411 326 magistratuum
440 279 571 316 munia
599 280 638 316 in
668 292 708 318 se
737 280 888 319 trahens
910 283 1086 332 princeps
1113 288 1307 324 materiam
1328 301 1434 337 prae-

83 350 107 381 8
123 341 238 379 dandi
282 342 521 392 patefecerat.
597 357 669 383 nec
713 346 916 396 quicquam
961 349 1135 396 publicae
1175 353 1312 389 mercis
1357 362 1433 390 tam

122 407 251 445 venale
288 407 354 445 fuit
392 420 509 458 quam
548 409 820 448 advocatorum
861 412 1028 461 perfidia,
1063 414 1160 452 adeo
1198 422 1238 452 ut
1276 416 1434 463 Samius,

121 471 280 521 insignis
306 484 424 523 eques
450 473 662 521 Romanus,
694 476 980 526 quadringentis
1009 490 1253 518 nummorum
1284 482 1435 520 milibus
1453 496 1471 528 5

123 535 254 575 Suillio
282 537 379 576 datis
407 546 444 576 et
472 541 625 590 cognita
654 543 973 590 praevaricatione
1007 543 1103 583 ferro
1136 546 1174 582 in
1205 545 1321 584 domo
1354 548 1434 585 eius

79 609 103 640 8
120 602 341 641 incubuerit.
409 604 522 654 igitur
559 606 764 655 incipiente
804 607 846 645 C.
888 608 979 647 Silio
1019 611 1174 648 consule
1222 610 1431 661 designato,

118 668 226 706 cuius
248 668 296 706 de
315 671 487 718 potentia
506 675 541 708 et
563 672 676 710 exitio
697 673 735 709 in
756 680 926 723 tempore
946 677 1179 722 memorabo,
1198 685 1433 727 consurgunt

118 740 244 782 patres
271 733 473 785 legemque
503 735 675 774 Cinciam
704 737 887 788 flagitant,
920 752 996 790 qua
1032 748 1184 779 cavetur
1214 743 1432 793 antiquitus,

118 810 168 836 ne
189 799 274 849 quis
293 799 344 837 ob
364 812 520 838 causam
540 802 726 840 orandam
748 805 948 853 pecuniam
970 806 1159 844 donumve
1179 809 1351 857 accipiat.
1453 821 1492 844 10

173 868 209 902 6.
240 864 390 902 Deinde
419 866 723 916 obstrepentibus
751 869 808 915 iis,
835 871 972 919 quibus
999 883 1044 908 ea
1070 873 1298 910 contumelia
1322 886 1430 922 para-

119 929 238 975 batur,
261 929 407 967 discors
429 930 558 969 Suillio
580 932 691 970 Silius
712 935 845 972 acriter
860 935 1040 982 incubuit,
1055 944 1222 974 veterum
1236 945 1427 975 oratorum

118 994 296 1043 exempla
316 993 490 1041 reserens,
513 997 578 1046 qui
599 997 741 1035 famam
761 1006 796 1036 et
816 1007 988 1048 posteros
1004 1002 1175 1050 praemia
1194 1002 1429 1052 eloquentiae

76 1065 101 1096 2
118 1058 394 1107 cogitavissent.
453 1061 743 1109 pulcherrimam
784 1064 950 1113 alioquin
988 1072 1025 1103 et
1069 1067 1255 1105 bonarum
1296 1069 1430 1105 artium

117 1124 330 1173 principem
369 1125 531 1163 sordidis
569 1127 784 1165 ministeriis
822 1129 990 1176 foedari;
1038 1142 1086 1168 ne
1125 1132 1240 1169 fidem
1274 1133 1430 1181 quidem
1451 1143 1488 1176 15

117 1189 306 1237 integram
354 1201 518 1236 manere,
567 1192 631 1228 ubi
678 1193 902 1242 magnitudo
949 1202 1177 1243 quaestuum
1229 1204 1428 1246 spectetur.

75 1265 97 1294 8
117 1253 253 1303 quodsi
276 1254 315 1291 in
343 1255 483 1293 nullius
502 1257 716 1294 mercedem
745 1259 900 1308 negotia
927 1267 1098 1308 agantur,
1123 1261 1302 1310 pauciora
1327 1261 1430 1300 fore:

115 1329 218 1356 nunc
256 1318 483 1366 inimicitias,
515 1322 789 1368 accusationes,
830 1323 920 1360 odia
957 1331 994 1361 et
1032 1325 1185 1363 iniurias
1223 1325 1350 1372 foveri,
1389 1332 1431 1364 ut

114 1394 193 1432 quo
225 1383 344 1422 modo
377 1385 431 1422 vis
459 1387 682 1425 morborum
714 1388 834 1437 pretia
863 1389 1114 1437 medentibus,
1146 1391 1198 1429 sic
1226 1391 1295 1429 fori
1323 1392 1430 1429 tabes

71 1459 97 1488 4
113 1448 316 1497 pecuniam
344 1449 536 1488 advocatis
565 1451 668 1489 ferat.
725 1454 986 1491 meminissent
1013 1454 1056 1492 C.
1083 1455 1217 1501 Asinii,
1239 1454 1294 1493 M.
1323 1455 1429 1493 Mes-
1448 1467 1488 1489 20

115 1512 228 1550 sallae
269 1525 314 1551 ac
352 1515 605 1553 recentiorum
644 1516 811 1554 Arruntii
849 1524 886 1554 et
923 1518 1145 1556 Aesernini:
1193 1519 1242 1556 ad
1279 1531 1429 1557 summa

73 1588 96 1618 5
115 1583 318 1626 provectos
345 1577 566 1628 incorrupta
591 1580 667 1617 vita
692 1587 729 1618 et
749 1581 937 1619 facundia.
994 1582 1080 1619 talia
1100 1582 1247 1621 dicente
1271 1584 1427 1621 consule

115 1641 327 1692 designato,
347 1644 671 1682 consentientibus
692 1645 783 1691 aliis,
805 1647 1007 1694 parabatur
1030 1648 1222 1694 sententia,
1244 1659 1320 1697 qua
1343 1648 1426 1697 lege

113 1706 408 1756 repetundarum
426 1714 655 1754 tenerentur,
669 1721 757 1746 cum
772 1709 923 1748 Suillius
936 1717 973 1748 et
988 1710 1237 1749 Cossutianus
1249 1719 1286 1749 et
1300 1712 1423 1757 ceteri,

113 1771 180 1821 qui
205 1783 286 1809 non
314 1771 505 1817 iudicium,
532 1774 673 1822 quippe
699 1774 738 1810 in
765 1774 1001 1821 manifestos,
1030 1776 1097 1813 sed
1122 1788 1289 1825 poenam
1316 1776 1424 1814 statui
1444 1786 1482 1820 ²5

112 1835 301 1881 videbant,
322 1837 604 1874 circumsistunt
625 1837 842 1886 Caesarem,
865 1846 951 1876 ante
972 1847 1056 1878 acta
1075 1840 1332 1890 deprecantes.

167 1904 206 1940 ¹7.
232 1900 283 1939 Et
301 1908 507 1951 postquam
527 1901 671 1948 adnuit,
689 1915 803 1952 agere
823 1903 1027 1953 incipiunt:
1057 1917 1173 1954 quem
1193 1905 1299 1943 illum
1321 1912 1426 1944 tanta

72 1973 96 2004 8
113 1966 290 2014 superbia
308 1978 400 2012 esse,
420 1973 462 2004 ut
487 1968 746 2005 aeternitatem
771 1967 893 2006 famae
919 1980 984 2018 spe
1007 1971 1250 2018 praesumat?
1279 1971 1363 2007 usui
1388 1977 1426 2008 et

114 2030 226 2068 rebus
241 2031 452 2069 subsidium
468 2033 693 2082 praeparari,
707 2045 754 2070 ne
766 2033 850 2082 quis
869 2034 996 2082 inopia
1012 2034 1282 2072 advocatorum
1298 2041 1427 2084 poten-

72 2102 95 2132 8
113 2094 213 2132 tibus
231 2095 421 2134 obnoxius
449 2097 506 2134 sit.
561 2109 686 2147 neque
711 2103 840 2135 tamen
861 2098 1117 2147 eloquentiam
1143 2100 1308 2149 gratuito
1333 2111 1424 2137 con·
1443 2109 1484 2140 30

112 2159 280 2208 tingere:
319 2160 440 2198 omitti
467 2173 577 2199 curas
605 2161 820 2208 familiares,
848 2169 890 2200 ut
918 2163 1002 2213 quis
1031 2174 1070 2200 se
1102 2163 1233 2201 alienis
1262 2164 1424 2213 negotiis

72 2231 97 2261 4
113 2223 292 2262 intendat.
347 2224 487 2264 multos
512 2226 658 2273 militia,
684 2227 872 2277 quosdam
896 2227 1109 2267 exercendo
1134 2240 1246 2278 agros
1266 2229 1423 2267 tolerare

114 2288 254 2336 vitam;
301 2288 393 2327 nihil
429 2301 452 2328 a
489 2301 684 2340 quoquam
722 2292 858 2342 expeti,
897 2291 968 2331 nisi
1012 2293 1117 2332 cuius
1157 2292 1297 2332 fructus
1335 2300 1422 2331 ante
