1643 2655
446 108 684 141 CORNELII
714 109 886 140 TACITI
910 108 1191 141 ANNALIUM
1242 101 1480 156 [A.U.c.801.

160 218 365 257 accusator,
417 211 550 249 Silium
599 219 634 250 et
682 214 831 262 nuptias
881 212 1048 250 referens
1071 225 1078 257 ;
1131 213 1241 250 simul
1290 213 1486 252 codicillos

158 275 358 315 libidinum
379 277 521 315 indices
547 278 708 325 tradidit,
731 277 815 327 quis
834 278 936 316 visus
964 277 1140 315 Caesaris
1165 285 1357 316 averteret.
1415 291 1486 317 nec
1502 287 1527 316 4

160 342 278 380 multo
303 350 387 392 post
412 344 545 381 urbem
574 342 799 392 ingredienti
826 343 1085 380 offerebantur
1115 355 1340 381 communes
1368 343 1485 390 liberi,

159 408 230 445 nisi
269 408 470 446 Narcissus
510 409 677 446 amoveri
716 420 783 445 eos
828 407 1004 445 iussisset.
1064 407 1260 445 Vibidiam
1298 408 1524 458 depellere5

123 473 335 522 5nequivit‚
374 474 465 523 quin
505 473 624 510 multa
661 484 749 510 curn
788 473 927 509 invidia
967 472 1163 522 flagitaret,
1204 485 1252 510 ne
1290 473 1487 511 indefensa

159 539 327 575 coniunx
357 539 471 575 exitio
500 538 661 575 daretur.
718 538 828 585 igitur
857 537 1075 574 auditurum
1106 538 1317 587 principem
1344 544 1380 576 et
1406 538 1486 576 fore

158 601 323 639 diluendi
352 602 515 639 criminis
543 602 761 640 facultatem
789 602 1005 651 respondit:
1049 597 1119 639 iret
1144 603 1294 640 interim
1322 603 1427 652 virgo
1448 609 1486 640 et

159 679 267 704 sacra
287 673 510 716 capesseret.

212 736 279 770 35.
310 731 454 768 Mirum
484 732 579 770 inter
609 732 703 770 haec
738 732 927 769 silentium
960 732 1107 779 Claudi,
1138 731 1314 771 Vitellius
1347 733 1484 782 ignaro

105 811 141 833 10
159 798 329 846 propior:
358 798 489 835 omnia
509 798 644 834 liberto
657 797 925 834 oboediebant.
968 797 1136 846 patefieri
1151 797 1311 834 domum
1324 798 1485 835 adulteri

157 869 269 911 atque
284 862 370 899 illuc
392 862 527 899 deduci
547 862 815 912 imperatorem
835 862 947 898 iubet.
992 874 1037 899 ac
1057 862 1223 910 primum
1243 862 1282 899 in
1300 862 1486 900 vestibulo
1502 870 1525 898 2

157 928 320 977 effigiem
353 928 469 976 patris
502 927 581 964 Silii
618 927 792 965 consulto
828 934 981 964 senatus
1015 928 1201 964 abolitam
1236 927 1485 974 demonstrat,

158 1000 237 1030 tum
257 993 440 1042 quidquid
466 993 605 1030 avitum
635 993 856 1030 Neronibus
882 999 918 1029 et
945 992 1081 1029 Drusis
1104 992 1143 1029 in
1166 993 1329 1042 pretium
1357 993 1485 1042 probri

158 1058 323 1095 cessisse.
380 1059 655 1107 incensumque
671 1064 707 1095 et
728 1058 775 1096 ad
792 1058 916 1095 minas
936 1064 1198 1106 erumpentem
1214 1057 1345 1095 castris
1361 1057 1484 1104 infert,
1501 1065 1523 1094 3

104 1133 138 1166 ¹5
159 1130 289 1174 parata
314 1125 494 1162 contione
521 1124 707 1169 militum;
741 1123 844 1172 apud
872 1135 969 1172 quos
996 1129 1272 1172 praemonente
1300 1122 1484 1161 Narcisso

157 1202 276 1238 pauca
291 1190 405 1227 verba
419 1189 527 1227 fecit:
557 1201 646 1226 nam
667 1188 736 1226 etsi
752 1188 891 1226 iustum
912 1188 1083 1226 dolorem
1100 1187 1225 1236 pudor
1240 1188 1482 1237 impediebat.

158 1255 360 1292 continuus
381 1254 519 1291 dehinc
541 1254 754 1292 cohortium
771 1253 916 1291 clamor
937 1253 1096 1290 nomina
1115 1264 1266 1290 reorum
1282 1259 1319 1290 et
1338 1265 1484 1302 poenas
1500 1263 1525 1291 4

157 1319 430 1368 flagitantium3
475 1320 730 1368 admotusque
762 1318 873 1356 Silius
902 1318 1079 1355 tribunali
1103 1330 1182 1356 non
1208 1318 1482 1366 defensionem,

157 1397 235 1422 non
254 1397 381 1423 moras
401 1385 606 1434 temptavit,
627 1391 804 1433 precatus
824 1391 863 1420 ut
884 1395 987 1421 mors
1014 1383 1299 1421 adceleraretur.
1347 1384 1482 1421 eadem
1500 1392 1521 1421 5

99 1463 139 1485 20
158 1451 368 1487 constantia
395 1457 432 1487 et
457 1450 632 1487 inlustres
658 1449 803 1499 equites
832 1448 999 1486 Romani
1025 1449 1153 1498 cupidi
1179 1455 1350 1487 maturae
1376 1450 1481 1487 necis

155 1515 314 1553 fuerunt.
371 1515 519 1552 Titium
559 1514 777 1559 Proculum,
817 1514 1017 1551 custodem
1056 1526 1078 1550 a
1119 1513 1210 1550 Silio
1252 1512 1522 1553 Messalinaee

156 1580 286 1617 datum
306 1587 342 1618 et
367 1580 549 1618 indicium
576 1580 811 1626 offerentem,
832 1578 1003 1616 Vettium
1029 1577 1234 1616 Valentem
1261 1578 1482 1617 confessum

155 1652 191 1682 et
229 1645 457 1695 Pompeium
490 1644 678 1682 Urbicum
717 1656 761 1682 ac
798 1643 990 1681 Saufeium
1030 1644 1205 1693 Trogum
1239 1656 1286 1682 ex
1319 1644 1482 1682 consciis

155 1710 251 1747 tradi
289 1710 337 1748 ad
371 1710 598 1760 supplicium
635 1710 747 1747 iubet.
806 1708 966 1747 Decrius
1007 1721 1162 1758 quoque
1199 1707 1518 1758 Calpurnianus-7

98 1789 137 1821 25
155 1775 309 1824 vigilum
338 1775 563 1824 praefectus,
593 1774 780 1823 Sulpicius
812 1774 936 1811 Rufus
965 1774 1043 1811 ludi
1072 1780 1303 1823 procurator,
1336 1773 1478 1812 Iuncus

157 1839 398 1888 Vergilianus
418 1846 568 1877 senator
587 1839 723 1876 eadem
743 1850 868 1888 poena
888 1839 1036 1876 adfecti.

210 1909 275 1943 36.
308 1905 419 1942 Solus
457 1904 627 1941 Mnester
665 1904 946 1941 cunctationem
986 1904 1120 1950 attulit,
1159 1903 1338 1941 dilaniata
1375 1909 1478 1941 veste

157 1970 353 2007 clamitans
395 1970 580 2018 aspiceret
618 1969 816 2005 verberum
860 1975 980 2013 notas,
1020 1968 1324 2006 reminisceretur
1362 1969 1476 2014 vocis,

156 2047 232 2084 qua
255 2047 294 2072 se
321 2035 531 2072 obnoxium
558 2034 667 2072 iussis
693 2033 922 2071 Messalinae
950 2033 1134 2071 dedisset:
1169 2033 1251 2070 aliis
1277 2033 1477 2082 largitione
1496 2045 1518 2074 2

98 2113 139 2145 30
156 2106 219 2136 aut
261 2100 339 2148 spei
381 2099 655 2148 magnitudine,
700 2099 769 2136 sibi
813 2110 860 2135 ex
902 2100 1125 2136 necessitate
1173 2098 1350 2147 culpam;
1407 2111 1476 2136 nec

156 2165 333 2213 cuiquam
365 2171 451 2201 ante
481 2164 715 2213 pereundum
747 2163 870 2209 fuisse,
903 2163 933 2200 si
968 2163 1077 2201 Silius
1112 2175 1238 2201 rerum
1272 2169 1473 2213 poteretur.

157 2235 394 2267 commotum
435 2229 493 2266 his
534 2235 571 2266 et
616 2240 780 2278 pronum
828 2228 876 2265 ad
919 2229 1221 2266 misericordiam
1270 2228 1513 2269 Caesarem3

157 2295 352 2344 perpulere
381 2294 513 2339 liberti,
543 2306 591 2331 ne
621 2300 676 2331 tot
705 2293 922 2331 inlustribus
951 2294 1037 2330 viris
1068 2293 1270 2332 interfectis
1304 2293 1473 2331 histrioni
