1634 2640
374 106 523 140 LIBER
559 106 617 138 VJ.
678 106 779 138 σΑΡ.
812 111 853 145 51
891 98 1098 147 (57)-Xl·
1132 108 1164 141 ι,
1197 108 1231 134 2.

651 308 812 347 LIBER
834 309 904 347 XI.

202 436 236 472 1.
267 461 274 470 .
305 460 313 469 .
343 460 351 468 .
381 443 471 469 narn
510 430 703 469 Valerium
743 431 963 476 Asiaticum,
1006 431 1061 468 bis
1102 431 1308 476 consulem,
1349 431 1461 470 fuisse

149 496 347 547 quondam
370 496 584 534 adulterum
610 497 690 534 eius
711 496 888 541 credidit;
921 496 1134 546 pariterque
1159 495 1276 534 hortis
1301 496 1461 542 inhians,

149 573 247 611 quos
270 561 329 599 ille
352 573 375 598 a
396 560 554 599 Lucullo
581 569 737 610 coeptos
767 562 904 611 insigni
933 561 1216 610 magnificentia
1245 562 1461 606 extollebat,

108 635 130 665 2
150 625 323 664 Suillium
352 627 577 665 accusandis
612 627 778 676 utrisque
811 627 988 663 immittit.
1046 627 1260 675 adiungitur
1296 626 1462 664 Sosibius

148 691 356 729 Britannici
388 691 580 737 educator,
615 692 679 741 qui
715 704 780 740 per
812 692 980 740 speciem
1018 691 1301 729 benevolentiae
1331 703 1462 729 mone·
1481 702 1499 734 5

148 763 203 794 ret
237 755 441 794 Claudium
472 769 603 794 cavere
633 757 708 793 vim
739 764 852 806 atque
881 768 975 806 opes
1009 756 1244 805 principibus
1273 756 1460 793 infensas:

147 821 398 872 praecipuum
431 829 623 859 auctorem
655 821 864 859 Asiaticum
897 820 1146 859 interficiendi
1183 820 1262 858 Gai
1291 820 1463 858 Caesaris

148 898 228 924 non
256 886 474 924 extimuisse
503 887 681 924 contione
715 887 753 923 in
785 887 918 936 populi
953 886 1119 924 Romani
1149 885 1253 923 fateri
1287 886 1463 935 gloriam-

147 963 223 1001 que
256 951 435 990 facinoris
468 951 567 989 ultro
600 957 752 1001 petere;
794 952 936 989 clarum
969 964 1015 989 ex
1053 963 1099 989 eo
1134 951 1170 988 in
1205 952 1309 997 urbe,
1348 950 1464 987 didita

147 1028 216 1066 per
249 1017 467 1066 provincias
501 1016 602 1054 fama
633 1029 764 1066 parare
798 1016 867 1054 iter
899 1016 948 1054 ad
979 1016 1234 1054 Germanicos
1267 1016 1462 1061 exercitus,
1483 1026 1522 1049 10

148 1081 303 1131 quando
322 1082 472 1130 genitus
493 1081 666 1119 Viennae
687 1081 891 1131 multisque
912 1088 949 1119 et
969 1081 1100 1119 validis
1121 1081 1463 1131 propinquitatibus

107 1154 129 1184 3
149 1147 332 1184 subnixus
368 1147 516 1184 turbare
550 1147 709 1196 gentiles
743 1147 914 1184 nationes
947 1153 1172 1196 promptum
1205 1145 1369 1184 haberet.
1427 1150 1465 1182 at

149 1211 330 1250 Claudius
359 1211 451 1248 nihil
480 1211 577 1249 ultra
606 1218 791 1249 scrutatus
822 1212 904 1249 citis
939 1222 1028 1250 cum
1060 1211 1240 1248 militibus
1270 1217 1464 1259 tamquam

147 1275 400 1326 opprimendo
448 1276 548 1313 bello
595 1275 815 1325 Crispinum
859 1275 1035 1324 praetorii
1078 1274 1310 1324 praefectum
1350 1274 1462 1319 misit,

147 1353 170 1379 a
198 1353 276 1391 quo
303 1347 473 1390 repertus
501 1348 559 1378 est
587 1340 688 1390 apud
717 1340 831 1378 Baias
860 1340 1068 1390 vinclisque
1103 1339 1231 1377 inditis
1264 1340 1303 1377 in
1331 1339 1464 1376 urbem
1485 1349 1522 1381 15

148 1412 287 1456 raptus.

202 1475 240 1509 2.
271 1470 410 1521 Neque
444 1471 532 1509 data
562 1478 718 1509 senatus
752 1471 887 1520 copia:
932 1471 1028 1507 intra
1057 1469 1275 1508 cubiculum
1305 1468 1463 1515 auditur,

149 1534 358 1574 Messalina
402 1548 543 1583 coram,
583 1543 619 1574 et
663 1535 793 1573 Suillio
836 1535 1119 1584 corruptionem
1160 1533 1330 1579 militum,
1368 1545 1465 1583 quos

148 1600 309 1650 pecunia
341 1607 378 1638 et
415 1607 546 1649 stupro
581 1600 619 1637 in
656 1611 771 1638 omne
810 1598 994 1648 flagitium
1028 1598 1232 1636 obstrictos
1270 1598 1464 1646 arguebat,

151 1663 254 1700 exim
291 1661 514 1701 adulterium
553 1663 766 1713 Poppaeae,
803 1668 1037 1712 postremum
1077 1660 1276 1699 mollitiam
1315 1671 1456 1710 corpo·
1481 1673 1520 1695 20

106 1737 130 1767 2
151 1727 202 1764 ris
249 1728 476 1768 obiectante.
548 1727 595 1765 ad
641 1727 747 1778 quod
793 1727 893 1765 vieto
938 1726 1086 1765 silentio
1134 1725 1308 1776 prorupit
1359 1736 1456 1762 reus.

104 1800 126 1830 3
143 1793 410 1844 ingressusque
454 1792 727 1840 defensionem,
767 1800 964 1832 commoto
1001 1793 1188 1832 maiorem
1226 1794 1264 1831 in
1301 1794 1460 1832 modum

102 1865 127 1895 4
145 1858 316 1906 Claudio,
353 1858 584 1897 Messalinae
622 1870 777 1909 quoque
816 1859 991 1896 lacrimas
1023 1858 1169 1896 excivit.
1226 1859 1365 1907 quibus
1395 1859 1460 1896 ab·

145 1923 294 1962 luendis
317 1923 496 1962 cubiculo
525 1923 726 1974 egrediens
754 1931 887 1962 monet
916 1923 1123 1971 Vitellium,
1151 1935 1198 1960 ne
1228 1923 1325 1960 elabi
1352 1934 1460 1960 reum

105 1995 128 2026 ὅ
146 1989 306 2027 sineret:
336 1988 420 2038 ipsa
449 1988 498 2026 ad
528 1988 733 2038 perniciem
765 1988 969 2038 Poppaeae
1005 1987 1166 2034 festinat,
1205 1987 1362 2025 subditis
1395 1987 1460 2037 qui
1479 2001 1516 2033 25

147 2060 283 2093 terrore
314 2053 475 2091 carceris
509 2053 558 2091 ad
589 2053 843 2094 voluntariam
877 2060 1038 2091 mortem
1069 2052 1332 2102 propellerent,
1363 2052 1461 2090 adeo

146 2119 280 2167 ignaro
318 2117 494 2164 Caesare,
525 2125 569 2165 ut
603 2130 746 2168 paucos
785 2125 873 2168 post
911 2117 992 2155 dies
1030 2117 1246 2168 epulantem
1285 2117 1388 2166 apud
1419 2128 1459 2155 se

147 2182 326 2220 maritum
355 2183 435 2220 eius
465 2182 683 2233 Scipionem
713 2189 1010 2232 percontaretur,
1040 2194 1107 2220 cur
1137 2182 1216 2220 sine
1245 2193 1362 2220 uxore
1385 2181 1459 2219 dis-

149 2247 352 2294 cubuisset,
381 2254 493 2298 atque
522 2247 583 2286 ille
612 2247 782 2286 functam
810 2247 888 2285 fato
917 2246 1172 2297 responderet.
