1634 2640
108 85 183 112 m).
205 69 278 124 51.]
460 77 610 110 LIBER
640 77 728 108 xa.
790 78 889 108 cAP.
921 83 1062 119 44-47-

160 186 231 220 46.
262 180 445 230 Digressu
465 180 694 218 centurionis
709 179 806 217 velut
827 180 982 216 custode
1003 181 1196 218 exsolutus
1216 181 1425 230 praefectus

108 245 246 285 hortari
281 245 527 284 Mithridaten
566 245 613 282 ad
647 244 897 282 sanciendum
938 243 1082 289 foedus,
1117 247 1424 283 coniunctionem

107 310 263 348 fratrum
301 323 346 349 ac
379 311 544 360 priorem
583 316 705 348 aetate
740 309 1026 346 Pharasmanen
1064 316 1102 347 et
1134 318 1258 347 cetera
1296 323 1425 347 ncces-

106 375 313 413 situdinum
342 376 498 413 nomina
526 374 701 419 referens,
727 374 832 424 quod
861 373 977 411 filiam
1007 374 1087 412 eius
1116 374 1154 410 in
1184 375 1427 412 matrimonio

64 439 271 487 ahaberet‚
309 440 414 490 quod
447 441 526 489 ipse
566 438 791 477 Radamisto
826 451 936 477 socer
973 447 1094 476 esset:
1144 451 1223 476 non
1262 439 1462 479 abnueres

107 516 242 555 pacem
273 505 450 551 Hiberos,
479 516 716 554 quamquam
745 505 783 541 in
814 512 985 553 tempore
1014 504 1234 550 validiores3
1275 509 1311 541 et
1340 504 1427 541 satis

106 570 301 619 cognitam
335 569 604 607 Armeniorum
640 568 848 618 perfidiam,
883 581 954 607 nec
988 569 1088 606 aliud
1124 569 1278 607 subsidii
1312 581 1427 618 quarn

106 634 300 672 castellum
316 640 536 673 commeatu
562 646 750 683 egenum:
791 645 838 671 ne
867 633 982 671 dubia
1002 641 1143 672 tentare
1174 634 1286 671 armis
1311 645 1427 682 quam

66 698 322 737 aincruentas
353 699 600 737 condiciones
630 698 768 736 mallet.
826 706 1029 737 cunctante
1059 699 1107 737 ad
1136 711 1181 737 ea
1211 698 1427 736 Mithridate

106 770 143 800 et
162 764 346 814 suspectis
365 763 546 814 praefecti
567 764 743 810 consiliis,
761 764 864 813 quod
881 764 1065 813 paelicem
1086 765 1227 813 regiam
1244 763 1428 813 polluerat

106 827 222 877 inque
242 841 398 867 omnem
420 829 615 867 libidinem
638 829 781 867 venalis
809 829 1030 875 habebatur,
1053 828 1260 878 Casperius
1281 830 1426 866 interim

106 893 154 930 ad
188 893 472 932 Pharasmanen
507 894 686 944 pervadit,
723 901 838 944 utque
880 894 1016 932 Hiberi
1055 894 1204 932 obsidio
1242 893 1427 931 decedant

63 959 330 1007 *expostulat
387 959 448 996 ille
487 959 685 1009 propalam
722 960 865 997 incerta
902 966 940 997 et
974 960 1125 1008 saepius
1163 959 1336 996 molliora
1370 971 1427 996 re-

105 1023 313 1072 spondem,
330 1024 484 1062 secretis
505 1024 645 1062 nuntiis
666 1031 797 1062 monet
815 1023 1084 1062 Radamistum
1100 1025 1426 1074 obpugnationem

63 1098 87 1128 5
105 1100 262 1138 quoquo
280 1088 397 1127 modo
417 1089 592 1127 celerare.
650 1096 808 1138 augetur
827 1089 958 1139 flagitii
979 1101 1136 1134 merces,
1158 1096 1194 1126 et
1222 1088 1343 1126 Pollio
1363 1100 1426 1126 oc-

105 1153 205 1191 culta
233 1154 475 1202 corruptione
503 1153 648 1203 inpellit
675 1154 823 1199 milites,
850 1161 889 1191 ut
916 1166 1051 1203 pacem
1076 1153 1288 1203 flagitarent
1311 1165 1426 1202 seque

62 1228 87 1258 6
105 1217 335 1267 praesidium
360 1218 569 1256 omissuros
597 1219 871 1255 minitarentur.
927 1231 1003 1268 qua
1031 1219 1250 1257 necessitate
1278 1218 1426 1255 Mithri-

104 1281 210 1319 dates
235 1281 336 1320 diem
356 1282 562 1332 locumque
587 1282 728 1320 foederi
755 1283 901 1332 accepit
927 1283 1156 1332 castelloque
1182 1282 1382 1332 egreditur.

157 1349 228 1386 4¹7.
256 1346 315 1384 Ac
362 1347 502 1396 primo'
533 1346 778 1386 Radamistus
825 1348 864 1384 in
911 1348 1109 1397 amplexus
1157 1349 1238 1386 eius
1284 1347 1427 1385 effusus

103 1411 281 1449 simulare
307 1412 548 1462 obsequium,
570 1424 746 1450 socerum
774 1425 819 1451 ac
842 1420 1040 1462 parentem
1069 1413 1279 1462 appellare;
1313 1413 1427 1450 adicit

63 1485 85 1514 2
103 1476 161 1514 ius
187 1476 397 1522 iurandum,
422 1488 501 1514 non
527 1476 636 1523 ferro,
658 1489 737 1515 non
764 1489 913 1515 veneno
933 1478 1007 1514 vim
1035 1477 1257 1515 adlaturum.
1315 1477 1426 1515 simul

104 1541 143 1578 in
162 1540 290 1578 lucum
310 1542 570 1591 propinquum
597 1541 720 1587 trahit,
743 1543 934 1591 provisum
954 1543 1027 1580 illic
1054 1543 1227 1580 sacrificii
1251 1549 1427 1592 paratum

62 1614 84 1644 8
104 1605 291 1652 dictitans,
322 1614 363 1643 ut
393 1605 450 1643 dis
481 1606 639 1644 testibus
669 1618 744 1656 pax
779 1607 1002 1645 firmaretur.
1059 1619 1145 1645 mos
1177 1614 1231 1645 est
1263 1607 1424 1657 regibus,

103 1670 278 1721 quotiens
301 1671 340 1707 in
369 1671 589 1709 societatem
619 1675 765 1718 coeant,
793 1671 988 1721 implicare
1017 1671 1170 1710 dextras
1195 1671 1425 1722 pollicesque

103 1736 200 1774 inter
237 1747 276 1774 se
314 1736 452 1774 vincire
486 1737 664 1786 nodoque
700 1737 998 1786 praestringere:
1048 1748 1140 1775 mox
1173 1737 1238 1774 ubi
1272 1738 1425 1786 sanguis

102 1800 142 1837 in
179 1808 282 1838 artus
313 1813 351 1838 se
383 1808 576 1839 extremos
610 1801 817 1846 suffuderit,
852 1801 922 1838 levi
957 1801 1030 1838 ictu
1064 1813 1239 1839 cruorem
1272 1802 1424 1839 eliciunt

103 1871 216 1914 atque
246 1865 407 1903 invicem
442 1866 624 1903 lambunt.
681 1865 719 1903 id
750 1865 884 1903 foedus
918 1877 1102 1904 arcanum
1134 1865 1291 1903 habetur
1317 1867 1425 1916 quasi

60 1938 85 1967 4
102 1937 235 1967 mutuo
262 1941 392 1968 cruore
419 1937 620 1968 sacratum.
677 1929 743 1967 sed
764 1937 854 1967 tunc
881 1930 944 1980 qui
971 1943 1017 1968 ea
1035 1930 1159 1968 vincla
1185 1930 1425 1976 admovebat,

103 1994 286 2032 decidisse
315 1995 497 2033 simulans
525 2007 653 2044 genua
682 1994 912 2033 Mithridatis
941 1995 1083 2033 invadit
1109 1996 1310 2045 ipsumque
1337 2008 1424 2045 pro-

1450 774 1486 796 10

1447 1103 1486 1135 15

1447 1429 1487 1451 20

1445 1749 1484 1781 ²⁵

60 2067 83 2097 5
103 2060 257 2106 sternit3
301 2059 487 2109 simulque
516 2072 705 2098 concursu
733 2060 898 2110 plurium
927 2060 1129 2098 iniciuntur
1157 2068 1323 2099 catenae.
1379 2073 1423 2098 ac
1443 2073 1484 2104 30

101 2124 299 2174 compede,
326 2124 430 2175 quod
458 2124 691 2163 dedecorum
721 2125 904 2171 barbaris,
932 2125 1173 2171 trahebatur;
1214 2137 1306 2164 mox
1335 2127 1424 2176 quia

101 2189 234 2238 vulgus
263 2189 358 2228 duro
385 2190 544 2239 imperio
573 2189 754 2235 habitum,
779 2191 921 2240 probra
949 2202 992 2228 ac
1021 2191 1176 2228 verbera
1204 2191 1421 2228 intentabat.

57 2261 138 2293 eet
169 2261 274 2292 erant
306 2262 437 2293 contra
466 2255 530 2304 qui
562 2261 704 2293 tantam
736 2255 907 2293 fortunae
939 2256 1278 2294 commutationem
1312 2257 1420 2294 mise-
