1643 2655
433 120 674 153 CORNELII
704 120 874 153 TACJTJ
897 120 1175 152 ANNALJUM
1227 112 1365 167 [mue.
1389 122 1462 162 785·

199 229 226 263 8
252 222 348 276 (14).
379 223 481 263 Nam
512 237 557 262 ea
586 230 820 274 tempestate,
851 237 927 274 qua
958 224 1085 262 Seiani
1115 225 1319 262 amicitiam
1350 224 1463 262 ceteri

144 290 238 328 falso
268 296 463 337 exuerant,
493 302 608 328 ausus
638 298 694 328 est
722 301 841 340 eques
871 289 1070 327 Romanus
1099 288 1155 328 M.
1177 290 1391 335 Terentius,
1412 289 1462 327 ob

145 356 182 393 id
203 368 298 402 reus,
319 356 508 406 amplecti,
531 356 579 393 ad
606 355 708 393 hunc
735 355 894 393 modurn
921 354 1022 404 apud
1050 361 1223 393 senatum
1250 354 1461 392 ordiendo:

147 421 341 460 ‘fortunae
371 421 526 471 quidem
555 433 664 458 meae
692 420 851 458 fortasse
876 420 1001 457 minus
1028 420 1205 469 expediat
1231 419 1462 469 adgnoscere
1480 423 1502 453 2

109 500 127 532 5
147 487 290 525 crimen
312 499 428 537 quam
447 488 635 524 abnuere:
667 485 734 523 sed
753 492 962 534 utcumque
992 497 1126 522 casura
1145 496 1205 522 res
1232 492 1298 530 est,
1319 484 1464 522 fatebor

145 558 184 590 et
220 552 334 590 fuisse
371 564 434 589 me
474 551 614 590 Seiano
652 551 830 596 amicum,
870 557 907 588 et
943 556 986 587 ut
1023 562 1148 588 essem
1187 550 1389 599 expetisse,
1427 555 1465 586 et

146 624 352 667 postquam
373 617 536 666 adeptus
568 628 670 654 eram
692 615 883 653 laetatum.
940 615 1108 653 videram
1132 615 1319 664 collegam
1348 614 1464 664 patris
1481 622 1503 651 3

147 682 322 731 regendis
351 681 550 731 praetoriis
575 680 806 726 cohortibus,
837 692 928 718 mox
952 681 1055 718 urbis
1084 687 1120 717 et
1148 680 1303 717 militiae
1332 679 1465 716 munia

147 747 258 784 simul
301 747 518 784 obeuntem.
594 746 692 784 illius
736 745 941 795 propinqui
979 752 1016 782 et
1065 745 1208 782 adfines
1252 744 1463 782 honoribus
1480 751 1505 781 4

90 825 130 848 10
148 813 407 861 augebantur;
448 818 488 849 ut
526 811 688 862 quisque
728 810 867 848 Seiano
906 811 1072 855 intimus,
1112 810 1164 847 ita
1202 809 1250 847 ad
1289 808 1464 847 Caesaris

147 878 351 914 amicitiam
385 876 550 914 validus:
590 883 724 914 contra
762 876 900 925 quibus
932 876 1101 912 infensus
1135 881 1243 920 esset,
1278 880 1382 912 metu
1421 885 1465 911 ac

148 943 323 980 sordibus
347 942 672 980 conflictabantur.
729 953 799 978 nec
821 952 1055 990 quemquam
1082 939 1260 988 exemplo
1280 939 1442 976 adsumo
1458 951 1466 976 :
1482 947 1504 977 5

148 1014 316 1053 cunctos,
348 1007 412 1057 qui
442 1006 638 1044 novissimi
668 1006 813 1044 consilii
843 1012 1018 1054 expertes
1047 1004 1199 1050 fuimus,
1228 1015 1318 1041 meo
1350 1003 1464 1041 unius

149 1073 366 1110 discrimine
387 1072 603 1110 defendam.
640 1083 739 1122 Qon
760 1071 862 1108 enirn
892 1070 1073 1107 Seianum
1093 1070 1388 1115 Vulsiniensem,
1409 1075 1464 1107 set
1481 1077 1506 1107 6

92 1149 130 1183 15
150 1138 331 1176 Claudiae
352 1145 388 1176 et
408 1138 525 1175 Iuliae
541 1137 680 1175 domus
699 1144 857 1186 partem,
874 1148 970 1186 quas
989 1135 1182 1173 adfinitate
1197 1141 1463 1184 occupaverat,

150 1210 269 1250 tuum,
291 1203 446 1250 Caesar,
466 1214 664 1252 generum,
683 1202 736 1239 tui
763 1202 984 1239 consulatus
1012 1201 1170 1247 socium,
1193 1207 1258 1238 tua
1285 1200 1409 1238 officia
1427 1199 1466 1237 in

150 1281 188 1306 re
208 1268 358 1318 publica
379 1274 639 1317 capessentem
667 1267 902 1305 colebamus.
959 1279 1037 1304 non
1067 1271 1124 1303 est
1153 1273 1328 1303 nostrum
1356 1265 1465 1302 aesti-
1484 1273 1506 1305 7

151 1346 256 1371 mare
276 1345 391 1383 quern
413 1344 527 1382 supra
552 1338 698 1370 ceteros
725 1338 763 1369 et
792 1331 929 1381 quibus
959 1330 1006 1368 de
1036 1330 1159 1368 causis
1188 1329 1370 1367 extollas:
1399 1330 1468 1367 tibi

153 1410 348 1436 summurn
376 1409 503 1436 rerum
533 1397 717 1434 iudicium
751 1397 787 1434 di
818 1396 968 1442 dedere,
999 1396 1109 1433 nobis
1139 1395 1314 1444 obsequii
1348 1394 1469 1445 gloria

94 1476 135 1500 ιο
154 1464 281 1502 relicta
310 1470 374 1501 est.
433 1468 651 1514 spectamus
678 1473 792 1511 porro
823 1473 920 1510 quae
950 1473 1080 1499 coram
1106 1460 1306 1506 habentur,
1328 1460 1391 1498 cui
1420 1472 1468 1497 ex
1487 1468 1510 1497 8

152 1536 187 1567 te
220 1540 315 1578 opes
346 1528 524 1573 honores,
554 1527 638 1576 quis
671 1526 835 1576 plurima
864 1526 1017 1563 iuvandi
1047 1525 1257 1563 nocendive
1285 1524 1467 1574 potentia,

153 1606 250 1644 quae
272 1593 411 1632 Seiano
431 1593 546 1630 fuisse
566 1603 681 1629 nemo
701 1591 901 1640 negaverit.
950 1591 1099 1628 abditos
1118 1590 1301 1640 principis
1321 1601 1468 1636 sensus,
1486 1601 1510 1631 9

153 1663 189 1694 et
213 1656 242 1694 si
272 1655 363 1705 quid
391 1655 575 1693 occultius
602 1661 721 1703 parat,
751 1653 946 1703 exquirere
972 1653 1167 1699 inlicitum,
1198 1664 1366 1702 anceps:
1396 1664 1467 1690 nec

153 1721 239 1759 ideo
259 1721 478 1770 adsequare.
536 1732 595 1766 ne,
617 1726 742 1768 patres
768 1718 983 1767 conscripti,
1005 1718 1179 1755 ultimum
1208 1716 1334 1755 Seiani
1353 1717 1466 1762 diem,
1485 1724 1530 1753 10

96 1777 134 1830 25
154 1786 222 1824 sed
243 1786 408 1823 sedecim
429 1796 553 1823 annos
573 1784 838 1834 cogitaveritis.
897 1784 1010 1821 etiam
1033 1782 1197 1820 Satrium
1217 1789 1333 1832 atque
1353 1782 1469 1820 Pom-

155 1852 314 1901 ponium
348 1851 646 1896 venerabamur;
689 1849 830 1886 libertis
864 1860 1017 1898 quoque
1051 1860 1096 1885 ac
1133 1847 1356 1885 ianitoribus
1390 1847 1471 1885 eius

155 1923 350 1955 notescere
375 1928 444 1965 pro
464 1915 671 1964 magnifico
692 1914 957 1964 accipiebatur.
997 1912 1087 1962 quid
1106 1913 1223 1961 ergo?
1253 1912 1470 1949 indistincta
1487 1918 1530 1947 11

155 1981 249 2019 haec
270 1981 439 2019 defensio
461 1987 499 2019 et
519 1980 711 2030 promisca
725 1979 901 2017 dabitur?
931 1979 1050 2016 immo
1067 1977 1173 2015 iustis
1187 1978 1359 2015 terminis
1379 1977 1470 2015 divi-

157 2046 277 2084 datur.
333 2046 492 2084 insidiae
520 2046 559 2083 in
589 2058 669 2084 rem
698 2045 902 2095 publicam,
925 2042 1083 2081 consilia
1113 2042 1240 2080 caedis
1269 2041 1471 2080 adversum

100 2126 142 2158 30
158 2112 424 2160 imperatorem
444 2112 673 2160 puniantur:
705 2111 752 2148 de
782 2109 946 2147 amicitia
973 2114 1010 2145 et
1037 2107 1169 2145 officiis
1198 2107 1300 2145 idem
1329 2107 1416 2145 finis
1434 2113 1472 2145 et

158 2184 208 2223 te,
229 2176 378 2222 Caesar,
400 2183 437 2214 et
456 2188 528 2214 nos
548 2174 773 2214 absolverit.’

214 2247 241 2280 9
270 2242 366 2292 (15).
419 2241 645 2279 Constantia
678 2239 870 2286 orationis,
900 2245 937 2277 et
970 2239 1058 2289 quia
1090 2243 1263 2288 repertus
1296 2243 1377 2275 erat
1405 2236 1470 2287 qui

160 2306 309 2345 efferret
339 2317 438 2356 quae
467 2317 602 2343 omnes
632 2306 761 2343 animo
790 2305 998 2355 agitabant,
1019 2315 1067 2342 eo
1096 2315 1217 2353 usque
1240 2309 1408 2352 potuere,
1429 2307 1471 2338 ut
