1643 2655
415 85 654 119 CORNELII
686 84 851 117 TACJTJ
880 83 1156 115 ANNALJUM
1211 74 1351 127 [μισ.
1373 83 1447 122 803.

123 203 212 229 usos
243 197 279 229 et
312 202 450 230 somno
489 201 622 239 graves
666 189 955 226 circumvenere.
1015 193 1126 224 aucta
1156 186 1308 232 laetitia,
1342 185 1448 236 quod

123 256 313 306 quosdam
351 269 372 294 e
412 255 518 293 clade
563 254 730 292 Variana
774 253 1141 302 quadragensimum
1179 258 1265 301 post
1303 263 1447 289 annum

124 323 271 360 servitio
291 328 522 359 exemerant.

178 392 247 426 28.
278 388 329 425 At
349 388 413 437 qui
433 386 571 424 dextris
591 392 628 423 et
648 385 894 435 propioribus
921 383 1160 433 compendiis
1179 383 1313 430 ierant,
1333 383 1448 421 obvio

88 453 223 498 5hosti
257 458 294 491 et
327 453 447 490 aciem
486 463 579 489 auso
618 451 702 500 plus
742 451 861 488 cladis
893 450 1046 495 faciunt,
1082 455 1119 487 et
1152 448 1295 498 praeda
1327 447 1446 486 fama-

126 531 199 569 que
225 519 350 556 onusti
374 518 421 554 ad
441 524 615 554 montem
642 516 824 552 Taunum
849 521 1093 561 revertuntur,
1113 514 1179 551 ubi
1209 513 1446 564 Pomponius

125 596 213 622 cum
245 583 459 632 legionibus
494 582 773 631 opperiebatur,
806 582 836 619 si
872 580 997 619 Chatti
1028 580 1205 629 cupidine
1234 579 1445 617 ulciscendi

125 661 256 687 casum
277 660 428 698 pugnae
448 649 684 697 praeberent.
741 647 792 684 illi
812 653 926 693 metu,
946 658 994 683 ne
1015 646 1104 683 hinc
1126 645 1339 692 Romanus,
1357 645 1445 682 inde
1463 649 1486 680 2

126 715 320 760 Cherusci,
342 725 431 752 cum
451 714 535 763 quis
564 720 760 751 aeternum
788 711 1018 756 discordant,
1040 710 1446 759 circumgrederentur,

68 797 107 819 10
125 781 269 829 legatos
291 781 329 816 in
349 780 482 817 urbem
502 786 539 817 et
567 779 721 817 obsides
751 778 913 823 misere3
946 777 1196 825 decretusque
1225 775 1445 824 Pomponio

124 845 360 895 triumphalis
389 844 526 890 honOS,
546 843 701 881 modica
722 855 809 892 pars
830 842 955 880 famae
979 841 1061 878 eius
1086 840 1189 890 apud
1204 847 1386 889 posteros,
1407 841 1446 877 in

126 912 212 960 quis
232 911 447 948 carminum
466 909 588 958 gloria
608 908 816 958 praecellit.

179 979 250 1014 29.
282 975 354 1013 Per
383 975 484 1012 idem
515 981 664 1023 tempus
693 973 868 1010 Vannius
900 972 1035 1010 Suebis
1063 984 1086 1010 a
1120 971 1248 1010 Druso
1280 970 1446 1009 Caesare

126 1042 311 1091 inpositus
331 1040 482 1090 pellitur
501 1051 633 1088 regno,
654 1039 776 1089 prima
800 1038 946 1088 imperii
971 1044 1091 1075 aetate
1118 1049 1230 1075 carus
1249 1043 1445 1086 acceptus-

69 1125 106 1157 15
127 1120 201 1158 que
243 1106 500 1157 popularibus,
545 1118 637 1144 mox
677 1105 917 1143 diuturnitate
962 1105 1000 1142 in
1039 1104 1256 1153 superbiam
1293 1110 1446 1141 mutans

127 1180 163 1211 et
183 1173 272 1210 odio
291 1172 520 1218 accolarum,
543 1171 654 1209 simul
685 1171 906 1209 domesticis
929 1169 1126 1208 discordiis
1155 1169 1444 1207 circumventus.

126 1245 299 1277 auctores
329 1238 430 1275 fuere
465 1236 629 1275 Vibilius
664 1236 1028 1274 Hermundurorum
1059 1248 1123 1273 rex
1155 1242 1191 1272 et
1219 1234 1372 1283 Vangio
1401 1246 1445 1271 ac
1463 1240 1485 1269 2

129 1304 220 1342 Sido
246 1315 376 1342 sorore
405 1302 547 1340 Vannii
571 1303 698 1352 geniti.
757 1314 828 1340 nec
857 1301 1049 1346 Claudius,
1072 1311 1308 1350 quamquam
1331 1311 1446 1349 saepe

127 1377 265 1415 oratus,
296 1381 403 1406 arma
426 1369 658 1406 certantibus
687 1367 855 1405 barbaris
879 1367 1115 1416 interposuit,
1141 1372 1265 1402 tutum
1291 1364 1446 1402 Vannio

69 1455 108 1476 20
127 1435 341 1485 perfugium
379 1434 615 1483 promittens,
655 1434 685 1470 si
724 1433 945 1482 pelleretur;
991 1431 1215 1481 scripsitque
1264 1430 1445 1480 Palpellio

129 1500 273 1546 Histro,
315 1500 379 1549 qui
419 1499 658 1536 Pannoniam
705 1498 956 1547 praesidebat,
998 1497 1190 1546 legionem
1228 1496 1386 1545 ipsaque
1423 1507 1445 1533 e

126 1566 319 1616 provincia
354 1565 450 1602 lecta
484 1564 622 1602 auxilia
652 1575 723 1613 pro
753 1564 836 1613 ripa
865 1574 1112 1612 componere,
1143 1561 1312 1599 subsidio
1339 1560 1444 1599 victis

128 1639 163 1669 et
204 1638 384 1669 terrorem
429 1630 606 1667 adversus
648 1629 820 1674 victores,
861 1641 908 1666 ne
951 1627 1103 1665 fortuna
1146 1626 1232 1664 elati
1275 1632 1445 1664 nostram

127 1709 281 1746 quoque
300 1708 436 1745 pacem
458 1696 665 1732 turbarent.
723 1706 813 1731 nam
834 1694 888 1730 vis
907 1693 1120 1738 innumera,
1143 1691 1255 1741 Lugii
1276 1691 1445 1741 aliaeque
1463 1701 1486 1731 3

71 1783 108 1814 25
128 1769 271 1812 gentes,
292 1761 558 1806 adventabant,
581 1760 682 1797 fama
709 1760 796 1797 ditis
820 1758 940 1808 regni,
965 1758 1069 1808 quod
1093 1757 1268 1794 Vannius
1293 1757 1445 1806 triginta

128 1841 196 1878 per
233 1839 356 1865 annos
394 1826 703 1875 praedationibus
755 1831 791 1861 et
842 1823 1089 1872 vectigalibus
1141 1828 1306 1860 auxerat.
1374 1822 1486 1871 ipsi4

128 1905 264 1931 manus
294 1892 446 1942 propria
484 1890 640 1940 pedites,
672 1901 790 1938 eques
832 1901 853 1926 e
892 1887 1073 1925 Sarmatis
1112 1887 1314 1937 Iazygibus
1352 1893 1444 1932 erat,

128 1960 251 2008 impar
283 1956 511 1995 multitudini
542 1955 720 2001 hostium,
760 1965 885 2003 eoque
924 1952 1088 1991 castellis
1127 1964 1209 1990 sese
1249 1952 1445 1990 defensare

130 2025 350 2073 bellumque
379 2023 515 2060 ducere
546 2027 735 2059 statuerat.

72 2109 112 2139 30
184 2094 253 2128 30.
286 2089 361 2126 Sed
390 2088 549 2137 Iazyges
578 2085 785 2124 obsidionis
813 2084 1051 2134 impatientes
1084 2090 1121 2122 et
1153 2084 1350 2133 proximos
1378 2095 1446 2132 per

131 2167 288 2204 campos
322 2154 407 2203 vagi
437 2151 755 2191 necessitudinem
786 2161 939 2200 pugnae
978 2149 1143 2194 attulere,
1176 2149 1265 2198 quia
1299 2147 1445 2197 Lugius

132 2220 504 2267 Hermundurusque
534 2218 609 2255 illic
634 2218 861 2266 ingruerant.
918 2216 1030 2265 igitur
1055 2216 1256 2264 degressus
1286 2213 1445 2252 castellis
1461 2215 1484 2245 2

133 2285 306 2323 Vannius
324 2284 491 2321 funditur
511 2283 667 2332 proelio,
683 2293 918 2331 quamquam
939 2281 1051 2318 rebus
1072 2280 1238 2317 adversis
1258 2279 1445 2323 laudatus,
