1634 2640
150 102 227 129 mn.
251 86 320 141 μ]
437 94 584 126 LIBER
614 94 670 126 Vl.
730 94 830 126 CAP.
851 90 874 125 8
895 88 1061 137 (14)-10
1082 89 1180 140 (16).

149 202 391 234 accusatores
423 195 515 240 eius,
551 194 687 232 additis
720 206 818 244 quae
852 202 939 232 ante
970 195 1215 245 deliquerant,
1251 197 1363 235 exilio
1398 205 1462 235 aut

149 267 271 299 morte
292 260 550 298 multarentur.

107 332 131 363 8
204 325 364 364 Secutae
396 325 531 363 dehinc
562 325 705 363 Tiberii
735 324 878 363 litterae
910 324 949 362 in
979 324 1065 362 Sex.
1087 324 1278 362 Vistilium
1312 334 1459 375 praeto-

148 390 258 438 rium,
279 402 393 441 quern
413 389 542 428 Druso
563 390 663 428 fratri
684 401 883 440 percarum
913 389 952 426 in
982 389 1175 428 cohortem
1205 402 1312 428 suam
1343 399 1462 429 trans-

107 455 294 494 stulerat.
366 467 481 494 causa
519 455 744 493 offensionis
780 454 930 492 Vistilio
971 454 1049 501 fuit,
1091 467 1156 493 seu
1195 463 1500 505 composueratf,

147 521 337 571 quaedam
381 521 420 559 in
459 520 602 559 Gaium
646 520 850 559 Caesarem
889 527 929 558 ut
968 521 1216 570 impudicum,
1258 522 1335 559 sive
1375 522 1462 559 ficto

104 593 129 622 4
147 585 275 624 habita
295 586 399 625 fides.
459 594 571 636 atque
593 587 644 625 ob
670 586 708 624 id
735 586 908 624 convictu
938 587 1117 635 principis
1145 586 1355 636 prohibitus
1376 599 1463 625 cum

147 652 255 690 senili
275 664 393 690 manu
417 651 556 690 ferrum
584 652 856 701 temptavisset,
880 651 1024 700 obligat
1043 663 1184 698 venas;
1212 660 1462 702 precatusque

104 727 128 758 ὅ
146 728 214 767 per
238 717 446 764 codicillos,
469 718 605 755 immiti
630 717 812 766 rescripto
832 728 947 754 venas
971 716 1132 755 resolvit.
1189 718 1391 755 acervatim
1414 731 1461 755 ex

145 795 192 821 eo
211 783 362 821 Annius
382 782 516 828 Pollio,
540 782 688 832 Appius
711 781 859 819 Silanus
888 781 1032 819 Scauro
1061 781 1263 820 Mamerco
1284 783 1397 820 simul
1417 795 1461 821 ac
1483 793 1524 816 ιο

147 847 291 886 Sabino
311 847 477 886 Calvisio
498 848 704 886 maiestatis
725 847 977 896 postulantur,
999 853 1035 885 et
1055 847 1279 885 Vinicianus
1300 847 1462 885 Pollioni

145 913 243 962 patri
271 913 513 959 adiciebatur,
543 913 633 951 clari
661 925 781 962 genus
811 920 847 950 et
873 913 1030 962 quidam
1058 913 1216 950 summis
1244 913 1461 951 honoribus.

102 988 126 1017 6
145 985 531 1029 contremuerantque
552 985 679 1028 patres
700 975 807 1030 (nam
833 985 973 1028 quotus
994 978 1156 1028 quisque
1177 978 1380 1017 adfinitatis
1399 986 1463 1016 aut

145 1043 332 1082 amicitiae
370 1050 425 1082 tot
462 1044 674 1081 inlustrium
709 1044 872 1081 virorum
911 1056 1048 1094 expers
1086 1050 1165 1081 erat
1179 1042 1220 1095 ?),
1254 1045 1291 1081 ni
1326 1044 1461 1082 Celsus

145 1109 315 1147 urbanae
353 1109 519 1148 cohortis
558 1110 742 1155 tribunus,
777 1116 856 1146 tum
896 1109 992 1147 inter
1030 1109 1186 1156 indices,
1222 1110 1391 1158 Appium
1425 1117 1461 1147 et
1482 1121 1520 1155 15

102 1177 125 1208 ’1
144 1173 350 1212 Calvisium
366 1174 573 1212 discrimini
593 1175 805 1212 exemisset.
851 1173 992 1212 Caesar
1008 1174 1192 1212 Pollionis
1212 1185 1256 1212 ac
1272 1174 1461 1212 Viniciani

144 1238 351 1288 Scaurique
371 1251 538 1286 causam,
559 1247 598 1277 ut
619 1241 699 1289 ipse
724 1251 811 1277 curn
833 1246 967 1278 senatu
987 1247 1173 1286 nosceret,
1195 1240 1345 1285 distulit,
1367 1240 1461 1277 datis

142 1305 372 1355 quibusdam
392 1305 431 1342 in
453 1305 639 1343 Scaurum
660 1305 828 1344 tristibus
849 1306 960 1343 notis.
970 1342 1029 1366 *W
1045 1340 1076 1358 ξ,
1100 1313 1160 1367 ,Ρχ

194 1374 247 1408 10
276 1369 374 1421 (16).
433 1369 495 1408 Ne
532 1370 698 1408 feminae
738 1371 892 1420 quidem
931 1377 1101 1409 exsortes
1146 1370 1312 1420 periculi.
1370 1372 1461 1420 quia

140 1435 390 1485 occupandae
427 1435 479 1473 rei
517 1435 690 1485 publicae
728 1436 834 1485 argui
867 1449 945 1474 non
978 1443 1165 1485 poterant,
1200 1437 1251 1473 ob
1285 1436 1459 1474 lacrimas
1481 1445 1521 1468 ²0

124 1500 409 1539 ,incusabantur
421 1512 431 1546 ;
462 1507 675 1550 necataque
696 1506 753 1538 est
773 1513 868 1539 anus
889 1501 1003 1547 Vitia,
1024 1501 1121 1538 Fufii
1148 1500 1300 1539 Gemini
1327 1508 1458 1547 mater,

100 1577 123 1606 2
141 1566 247 1616 quod
274 1565 339 1603 filii
363 1577 499 1603 necem
527 1565 698 1603 flevisset.
737 1559 848 1603 >haec
878 1566 979 1616 apud
1014 1557 1216 1604 senatum!
1249 1578 1320 1604 nec
1352 1578 1460 1604 secus

141 1630 243 1680 apud
271 1631 479 1680 principem
508 1629 751 1668 Vescularius
781 1631 940 1669 Flaccus
974 1643 1018 1668 ac
1050 1631 1168 1668 Iulius
1202 1630 1377 1668 Marinus
1411 1632 1459 1668 ad

141 1702 304 1734 mortem
333 1702 507 1745 aguntur,
528 1708 549 1733 e
570 1696 831 1733 vetustissimis
857 1695 1106 1741 familiarium,
1130 1695 1314 1734 Rhodum
1344 1696 1460 1734 secuti

139 1767 176 1799 et
195 1760 299 1811 apud
318 1760 486 1810 Capreas
506 1760 696 1806 individui,
706 1760 950 1798 Vescularius
969 1761 1221 1798 insidiarum
1212 1773 1251 1798 1n
1272 1760 1459 1799 Libonem
1480 1767 1518 1803 ²5

139 1825 411 1873 internuntius,
444 1811 614 1864 lMarino
652 1817 858 1875 participeN
880 1825 1039 1864 Seianus
1078 1826 1253 1864 Curtium
1291 1826 1458 1864 Atticum

139 1897 388 1941 oppresserat.
443 1903 521 1940 quo
562 1891 696 1929 laetius
733 1898 935 1941 acceptum
972 1904 1040 1930 sua
1053 1891 1258 1957 exempla
1290 1891 1329 1928 in
1367 1904 1458 1930 con·
1469 1917 1508 1931 1
1516 1909 1539 1928 ,ι
1573 1880 1628 1924 γ’».

139 1956 302 1995 sultores
330 1956 518 1995 recidisse.
987 1937 1041 1965 ⁸*

98 2031 121 2061 3
193 2021 267 2060 Per
294 2022 395 2061 idem
425 2030 575 2072 tempus
604 2021 648 2061 L.
671 2023 761 2062 Piso
790 2008 1129 2073 pontifex‚irarum
1158 2023 1197 2060 in
1221 2030 1326 2061 tanta
1353 2023 1459 2061 clari-

140 2087 282 2134 tudine,
304 2087 383 2125 fato
359 2087 514 2141 obiit,
541 2088 679 2126 nullius
705 2089 844 2126 servilis
871 2089 1077 2126 sententiae
1103 2095 1239 2138 sponte
1259 2096 1401 2135 auctor,
1423 2096 1459 2126 et
1478 2102 1520 2134 30

98 2153 320 2203 4qu0tiens
358 2153 562 2192 necessitas
585 2135 786 2204 ingfueret,
819 2154 1005 2204 sapienter
1040 2140 1284 2193 moderans
1313 2160 1458 2205 patrem

139 2218 174 2255 ei
220 2218 438 2255 censorium
482 2217 598 2257 fuisse
643 2219 874 2265 memoravi;
921 2225 1025 2256 aetas
1061 2219 1110 2258 ad
1153 2219 1458 2269 octogensimum

139 2293 286 2320 annum
314 2284 520 2333 processit;
559 2283 676 2322 decus
710 2283 936 2334 triumphale
969 2284 1008 2322 in
1039 2283 1229 2323 Thraecia
1258 2291 1458 2323 meruerat.
