1643 2655
460 105 696 138 CORNELII
727 106 895 138 TACJTJ
920 105 1197 138 ANNALJUM
1249 97 1388 151 [A.u.c.
1407 107 1482 139 800.

169 208 382 258 providerit.
438 209 544 247 facile
572 209 746 247 Asinium
774 216 809 248 et
838 209 1073 256 Messallam,
1093 210 1188 248 inter
1210 210 1420 248 Antonium
1445 216 1482 248 et
1499 218 1521 248 5

168 274 383 324 Augustum
413 275 596 313 bellorum
625 276 801 325 praemiis
827 276 996 321 refertos,
1017 282 1080 312 aut
1101 275 1234 312 ditium
1255 275 1481 312 familiarum

169 339 325 377 heredes
347 340 580 378 Aeserninos
609 347 646 378 et
675 341 876 378 Arruntios
906 352 1088 389 magnum
1113 341 1281 378 animum
1305 340 1481 378 induisse.

168 412 344 454 prompta
375 406 445 443 sibi
479 406 665 454 exempla,
699 407 850 456 quantis
889 405 1125 443 mercedibus
1159 405 1199 443 P.
1228 404 1385 443 Clodius
1419 411 1524 444 aute

131 484 148 516 5
169 469 212 507 C.
247 469 362 508 Curio
392 470 605 508 contionari
640 471 737 508 soliti
769 472 853 508 sint.
911 483 950 509 se
980 471 1154 509 modicos
1184 477 1388 516 senatoreS,
1418 471 1520 519 qui?

166 535 292 584 quieta
330 548 368 572 re
407 535 559 584 publica
597 535 700 574 nulla
744 536 813 573 nisi
857 536 961 585 pacis
999 536 1257 574 emolumenta
1301 541 1480 585 peterent.

166 600 348 648 cogitaret
372 600 532 649 plebem,
565 612 661 650 quae
691 607 780 651 toga
809 602 1051 640 enitesceret:
1087 601 1241 639 sublatis
1271 600 1480 639 studiorum

165 665 292 713 pretiis
330 666 444 703 etiam
483 667 605 705 studia
643 667 817 716 peritura.
875 674 915 705 ut
953 667 1078 704 minus
1116 667 1253 704 decora
1291 666 1396 711 haec,
1430 665 1521 703 itas

164 729 265 767 haud
287 729 424 769 frustra
449 732 548 770 dicta
572 732 753 782 princeps
783 740 897 777 ratus,
928 732 1123 782 capiendis
1153 731 1324 782 pecuniis
1352 732 1484 769 statuit

107 806 146 829 10
164 795 322 833 modum
343 807 463 847 usque
483 798 532 836 ad
553 798 652 836 dena
674 799 856 843 sestertia,
878 810 993 847 quem
1020 798 1161 847 egressi
1183 796 1480 846 repetundarum

164 866 391 899 tenerentur.

217 930 254 963 8.
286 926 364 964 Sub
398 928 499 966 idem
534 936 684 980 tempus
719 929 969 974 Mithridates,
1000 940 1115 980 quem
1143 929 1378 978 imperitasse
1406 928 1478 966 Ar-

162 992 297 1028 meniis
327 993 495 1042 iussuque
528 993 610 1032 Gai
639 995 814 1033 Caesaris
847 995 1013 1032 vinctum
1047 994 1266 1040 memoravi,
1299 1000 1478 1032 monente

162 1055 322 1094 Claudio
351 1057 389 1094 in
418 1071 578 1107 regnum
609 1060 797 1106 remeavit,
827 1060 918 1098 fisus
948 1059 1218 1097 Pharasmanis
1245 1060 1391 1109 opibus.
1447 1059 1479 1098 is
1496 1064 1519 1094 2

47 1126 49 1129 “
106 1131 141 1164 15
161 1133 226 1158 rex
255 1121 410 1160 Hiberis
439 1124 616 1174 idemque
646 1124 876 1162 Mithridatis
900 1124 1011 1163 frater
1037 1125 1236 1162 nuntiabat
1262 1124 1479 1162 discordare

161 1185 318 1226 Parthos
367 1200 595 1240 summaque
642 1190 786 1239 imperii
831 1191 1020 1240 ambigua,
1067 1190 1216 1228 minora
1260 1189 1340 1227 sine
1387 1201 1479 1228 cura

160 1247 300 1287 haberi.
357 1263 447 1288 narn
482 1250 667 1289 Gotarzes
707 1252 804 1289 inter
843 1252 1022 1302 pleraque
1064 1264 1176 1290 saeva
1207 1264 1341 1290 necem
1374 1251 1476 1289 fratri
1494 1252 1516 1281 3

160 1315 357 1353 Artabano
377 1317 605 1366 coniugique
621 1329 665 1355 ac
687 1317 762 1354 filio
779 1318 858 1355 eius
875 1324 1082 1366 paraverat,
1099 1317 1201 1355 unde
1217 1326 1339 1355 metus
1358 1313 1474 1369 [eius]

160 1379 199 1416 in
219 1386 376 1426 ceteros,
402 1388 437 1418 et
464 1382 633 1419 accivere
658 1381 877 1420 Vardanen.
935 1382 1007 1427 ille,
1036 1390 1076 1420 ut
1105 1389 1183 1420 erat
1203 1382 1352 1432 magnis
1375 1381 1476 1419 ausis
1492 1388 1516 1417 4

103 1457 142 1479 20
160 1451 369 1493 promptus,
396 1446 511 1484 biduo
538 1446 607 1483 tria
633 1447 736 1484 milia
767 1448 975 1485 stadiorum
998 1447 1139 1484 invadit
1164 1447 1416 1496 ignarumque
1440 1452 1476 1484 et

159 1510 377 1547 exterritum
397 1510 590 1549 Gotarzen
610 1513 832 1561 proturbat‚·
864 1524 987 1561 neque
1009 1518 1208 1550 cunctatur
1234 1512 1324 1561 quin
1347 1511 1476 1561 proxi-

159 1586 242 1612 mas
262 1575 518 1624 praefecturas
538 1577 727 1626 corripiat,
749 1577 837 1615 solis
861 1576 1150 1615 Seleucensibus
1175 1576 1476 1615 dominationem

158 1639 237 1677 eius
268 1640 534 1679 abnuentibus.
591 1642 631 1678 in
659 1654 766 1691 quos,
797 1648 839 1680 ut
864 1642 982 1692 patris
1010 1643 1142 1692 suique
1172 1642 1392 1687 defectoreS‚
1422 1642 1517 1679 ira5

158 1704 279 1753 magis
300 1717 415 1754 quam
443 1718 491 1743 ex
515 1719 586 1744 usu
610 1707 798 1756 praesenti
828 1719 1027 1753 accensus,
1051 1707 1252 1756 inplicatur
1275 1706 1475 1745 obsidione

101 1778 139 1810 25
158 1769 260 1807 urbis
281 1770 422 1807 validae
447 1778 483 1808 et
510 1772 758 1810 munimentis
786 1772 923 1810 obiecti
949 1773 1072 1809 amnis
1098 1784 1286 1822 muroque
1305 1778 1343 1810 et
1369 1783 1474 1810 com-

158 1835 342 1872 meatibus
363 1835 542 1873 firmatae.
592 1836 742 1874 interim
761 1835 948 1874 Gotarzes
968 1837 1165 1874 Daharum
1178 1837 1474 1886 Hyrcanorum-
1492 1842 1517 1871 6

157 1911 231 1948 que
269 1900 404 1949 opibus
443 1907 577 1938 auctus
621 1901 762 1938 bellurn
802 1909 967 1947 renovat,
1008 1908 1238 1952 coactusque
1276 1901 1476 1940 Vardanes

158 1964 332 2001 omittere
353 1963 565 2003 Seleuciam
585 1964 808 2004 Bactrianos
829 1967 931 2016 apud
951 1978 1109 2016 campos
1129 1973 1252 2004 castra
1271 1967 1441 2006 contulit.

214 2034 252 2067 9.
284 2028 396 2068 Tunc
422 2030 609 2068 distractis
638 2029 806 2069 Orientis
825 2032 965 2068 viribus
992 2038 1028 2069 et
1055 2043 1226 2081 quonam
1247 2031 1475 2070 inclinarent

101 2104 141 2136 30
159 2093 318 2140 incertis,
350 2106 459 2132 casus
488 2094 700 2133 Mithridati
727 2095 836 2134 datus
861 2103 918 2133 est
942 2096 1156 2145 occupandi
1185 2097 1418 2142 Armeniam,
1439 2096 1474 2133 vi
1515 2085 1520 2090 ⁸

159 2158 285 2195 militis
334 2158 501 2197 Romani
547 2160 596 2198 ad
641 2160 879 2198 excindenda
916 2160 1155 2198 castellorum
1194 2161 1323 2207 ardua,
1363 2160 1474 2199 simul

160 2223 307 2261 Hibero
346 2225 514 2262 exercitu
552 2237 711 2274 campos
749 2225 989 2275 persultante.
1058 2238 1129 2263 nec
1167 2226 1269 2263 enim
1307 2225 1515 2264 restitere2

159 2287 339 2334 Armenii,
362 2289 445 2328 fuso
472 2291 537 2341 qui
562 2291 749 2340 proelium
769 2302 883 2329 ausus
909 2297 988 2328 erat
1013 2289 1251 2329 Demonacte
1271 2290 1474 2340 praefecto.
