1643 2655
456 122 695 156 CORNELII
724 123 898 156 TACJTJ
921 123 1199 156 ANNALJUM
1252 116 1386 171 [auc.
1404 127 1476 167 788.

163 226 286 265 accire
314 225 516 274 Sarmatas,
537 239 701 278 quorum
731 227 924 278 sceptuchi
954 228 1143 277 utrimque
1175 228 1284 267 donis
1312 229 1480 279 acceptis

163 304 270 330 more
288 292 440 342 gentico
461 293 604 330 diversa
625 293 790 330 induere.
849 293 915 330 sed
940 292 1075 330 Hiberi
1104 293 1276 331 locorum
1304 300 1479 344 potentes
1496 306 1521 336 4

163 357 304 408 Caspia
323 358 383 396 via
403 357 619 396 Sarmatam
639 359 677 395 in
699 359 904 396 Armenios
925 359 1062 407 raptim
1092 359 1302 399 effundunt.
1360 366 1396 398 at
1416 359 1481 409 qui
1498 371 1521 401 5

164 423 312 461 Parthis
351 424 617 468 adventabant,
653 423 760 461 facile
799 423 1037 469 arcebantur,
1071 436 1160 461 eum
1188 425 1283 463 alios
1310 425 1481 463 incessus

127 488 282 531 5hostis
316 488 523 534 clausisset,
557 500 677 525 unum
717 488 903 538 reliquum
941 500 1047 526 mare
1086 489 1184 526 inter
1216 496 1253 526 et
1290 496 1482 527 extremos

162 553 401 591 Albanorum
420 559 573 591 montes
599 560 721 590 aestas
751 553 960 602 impediret,
981 554 1071 603 quia
1098 553 1251 592 flatibus
1279 555 1482 592 etesiarum

163 617 368 667 implentur
406 618 523 655 vada:
565 617 744 656 hibernus
783 626 911 656 auster
943 618 1096 657 revolvit
1126 619 1265 657 fluctus
1295 619 1482 669 pulsoque

163 683 347 720 introrsus
367 682 461 721 freto
481 683 610 721 brevia
630 683 781 721 litorum
802 684 1005 723 nudantur.

219 751 275 786 34
295 746 391 799 (40).
422 747 578 785 Interim
600 748 758 787 Oroden
777 749 970 787 sociorum
990 749 1146 799 inopem
1175 756 1310 788 auctus
1340 749 1481 788 auxilio

107 823 147 846 10
165 812 442 851 Pharasmanes
470 825 602 851 vocare
632 813 681 851 ad
709 826 881 864 pugnarn
911 822 947 852 et
976 814 1250 852 detrectantem
1279 816 1479 861 incessere,

165 878 384 928 adequitare
420 880 564 926 castris,
595 879 784 918 infensare
814 880 983 929 pabula;
1027 892 1071 917 ac
1103 892 1216 929 saepe
1248 882 1288 917 in
1321 880 1480 918 modum

164 944 300 982 obsidii
321 944 544 982 stationibus
564 945 751 994 cingebat,
774 945 899 982 donec
924 945 1051 982 Parthi
1080 946 1396 984 contumeliarum
1424 946 1481 982 in-

165 1010 329 1047 solentes
364 1010 683 1048 circumsisterent
711 1022 853 1060 regem,
883 1017 1084 1059 poscerent
1113 1010 1312 1060 proelium.
1368 1017 1481 1060 atque
1499 1018 1521 1047 2

164 1075 234 1111 illis
255 1074 335 1112 sola
356 1074 395 1111 in
414 1076 539 1125 equite
559 1076 636 1112 vis:
667 1074 945 1113 Pharasmanes
969 1082 1006 1113 et
1031 1075 1156 1124 pedite
1176 1075 1334 1113 valebat.
1391 1088 1481 1113 nam

107 1149 145 1181 15
166 1139 300 1177 Hiberi
321 1140 538 1190 Albanique
560 1140 748 1178 saltuosos
777 1140 882 1179 locos
911 1140 1122 1178 incolentes
1146 1140 1302 1179 duritiae
1331 1141 1481 1190 patien-

164 1205 314 1254 tiaeque
342 1206 466 1255 magis
495 1206 715 1251 insuevere3
746 1205 948 1256 feruntque
976 1218 1016 1243 se
1047 1205 1245 1243 Thessalis
1264 1211 1382 1251 ortos,
1407 1218 1482 1255 qua
1499 1214 1520 1243 3

164 1276 388 1319 tempestate
435 1270 525 1308 Iaso
572 1277 658 1320 post
705 1277 877 1308 avectam
925 1269 1107 1308 Medeam
1162 1271 1388 1321 genitosque
1435 1283 1482 1308 ex

164 1347 210 1373 ea
243 1334 385 1373 liberos
416 1335 571 1372 inanem
602 1348 694 1373 mox
723 1336 868 1384 regiam
897 1335 1040 1373 Aeetae
1071 1347 1288 1386 vacuosque
1314 1335 1482 1374 Colchos

164 1400 345 1449 repetivit.
411 1400 606 1450 multaque
646 1401 692 1437 de
739 1401 896 1438 nomine
943 1401 1023 1438 eius
1060 1407 1096 1438 et
1134 1401 1306 1438 oraclum
1353 1400 1479 1438 Phrixi
1496 1407 1521 1436 4

107 1478 147 1500 20
165 1465 356 1502 celebrant
374 1478 383 1512 3
413 1477 485 1502 nec
505 1466 707 1514 quisquam
727 1465 842 1503 ariete
872 1465 1147 1511 sacrificaverit,
1168 1465 1313 1503 credito
1333 1466 1480 1503 vexisse

165 1529 361 1576 Phrixum,
396 1530 471 1567 sive
511 1530 550 1567 id
588 1530 729 1567 animal
759 1542 826 1567 seu
860 1531 966 1567 navis
995 1531 1143 1579 insigne
1173 1530 1252 1567 fuit.
1313 1537 1521 1568 ceterum5

166 1596 318 1633 derecta
331 1596 520 1644 utrimque
540 1595 622 1633 acie
643 1595 804 1632 Parthus
820 1595 1022 1644 imperium
1038 1595 1204 1640 orientis,
1218 1595 1482 1633 claritudinem

165 1660 450 1707 Arsacidarum,
491 1667 700 1710 contraque
739 1660 947 1709 ignobilem
993 1659 1184 1697 Hiberum
1221 1660 1483 1698 mercennario

165 1726 281 1763 milite
316 1726 548 1772 disserebat;
588 1726 867 1763 Pharasmanes
904 1726 1072 1775 integros
1107 1731 1226 1763 semet
1255 1737 1278 1762 a
1305 1724 1483 1763 Parthico

108 1807 146 1839 ²5
167 1791 375 1836 dominatu,
397 1796 543 1840 quanto
567 1791 712 1829 maiora
731 1796 916 1840 peterent,
939 1790 1023 1840 plus
1053 1791 1201 1829 decoris
1220 1790 1380 1828 victores
1407 1796 1481 1835 aut,

167 1856 197 1893 si
217 1863 322 1905 terga
343 1856 487 1901 darent,
502 1855 632 1905 flagitii
653 1862 767 1905 atque
787 1856 944 1905 periculi
964 1856 1105 1894 laturos
1120 1869 1130 1902 3
1160 1855 1271 1893 simul
1290 1855 1481 1894 horridam
1498 1861 1524 1893 8

166 1932 322 1959 suorum
342 1920 475 1966 aciem,
496 1921 598 1970 picta
618 1932 709 1958 auro
731 1919 938 1958 Medorum
967 1921 1132 1969 agmina,
1153 1920 1241 1958 hinc
1261 1920 1371 1967 viros,
1394 1919 1482 1957 inde

164 1986 347 2036 praedam
368 1985 578 2023 ostendere.

219 2055 272 2089 35
293 2050 388 2101 (41).
420 2050 627 2089 Enimvero
647 2050 749 2100 apud
770 2050 963 2089 Sarmatas
987 2062 1066 2088 non
1084 2060 1161 2088 una
1180 2063 1253 2088 vox
1273 2049 1402 2088 ducis:
1442 2062 1483 2089 se

106 2129 149 2162 30
166 2116 324 2164 quisque
346 2115 540 2154 stimulant
568 2128 616 2153 ne
647 2128 817 2165 pugnam
847 2128 915 2165 per
935 2116 1088 2164 sagittas
1118 2116 1307 2153 sinerent:
1338 2116 1484 2165 impetu

166 2187 203 2218 et
224 2181 437 2218 comminus
457 2181 794 2231 praeveniendum.
837 2181 962 2218 variae
981 2181 1071 2218 hinc
1086 2181 1308 2218 bellantium
1323 2181 1481 2230 species,
1499 2188 1523 2219 Β

164 2257 254 2284 cum
287 2245 448 2283 Parthus
479 2247 586 2297 sequi
618 2246 677 2284 vel
712 2246 841 2296 fugere
877 2246 958 2296 pari
991 2252 1069 2284 arte
1103 2252 1230 2284 suetus
1262 2245 1484 2284 distraheret

166 2318 319 2357 turmas,
354 2311 516 2361 spatium
551 2311 687 2349 ictibus
721 2317 929 2361 quaereret,
966 2310 1160 2348 Sarmatae
1196 2310 1341 2349 omisso
1379 2322 1482 2356 arcu,
