1634 2640
132 95 210 123 am.
233 81 301 137 37]
397 90 548 122 LIBER
576 91 632 123 17.
693 92 790 124 CAP.
813 100 860 134 44
882 89 1044 138 (50)-47
1068 90 1162 141 (53)-

132 193 316 242 sanguine
348 200 384 231 et
415 193 568 232 caritate
602 195 767 244 propior,
803 196 869 233 sed
903 197 1073 234 nondum
1108 199 1341 247 pubertatem
1381 201 1437 238 in-

131 269 294 308 gressus,
321 257 542 297 Germanici
575 259 650 297 filio
678 261 791 298 robur
815 260 997 307 iuventae,
1024 262 1120 310 vulgi
1150 264 1282 306 studia,
1317 277 1436 314 eaque

91 334 115 364 2
132 322 234 373 apud
257 335 369 361 avum
397 324 474 361 odii
499 335 624 361 causa.
682 325 794 362 etiarn
822 325 868 363 de
894 325 1054 364 Claudio
1083 328 1250 376 agitanti,
1275 330 1377 377 quod
1407 331 1437 367 is

131 388 329 438 conposita
366 395 487 427 aetate
530 390 718 427 bonarum
758 391 893 428 artium
932 392 1087 440 cupiens
1126 400 1214 438 erat,
1254 393 1437 430 inminuta

90 460 113 491 8
131 465 240 492 mens
269 454 349 492 eius
369 454 520 492 obstitit.
578 455 634 492 sin
662 462 767 493 extra
788 456 946 493 domum
973 468 1166 494 successor
1186 466 1436 506 quaereretur,
1456 472 1474 504 5

131 531 180 558 ne
194 518 376 557 memoria
396 519 572 570 Augusti,
593 532 641 557 ne
663 532 803 558 nornen
825 520 1033 559 Caesarum
1053 522 1090 558 in
1112 522 1271 560 ludibria
1291 530 1326 559 et
1346 535 1438 560 con-

89 590 114 620 4
131 584 305 622 tumelias
330 591 515 623 verterent
543 586 755 623 metuebat:
790 586 932 636 quippe
959 586 1008 623 illi
1037 599 1115 624 non
1143 587 1300 636 perinde
1327 599 1438 625 curae

89 659 113 690 5
130 650 249 699 gratia
268 651 524 700 praesentium
545 663 661 700 quarn
682 651 719 688 in
744 659 916 700 posteros
942 652 1106 690 ambitio.
1164 664 1252 690 mox
1273 652 1439 690 incertus

129 716 257 762 animi,
279 715 380 754 fesso
400 728 575 766 corpore,
597 716 810 762 consilium,
832 716 892 755 cui
912 717 1032 766 impar
1052 724 1140 763 erat,
1162 717 1238 754 fato
1260 718 1438 767 permisit,

130 780 236 819 iactis
264 787 393 818 tamen
422 782 579 819 vocibus
609 793 675 831 per
704 793 800 832 quas
829 781 1106 831 intellegeretur
1137 782 1313 832 providus
1343 783 1438 820 sutu-
1460 794 1499 817 10

89 853 114 882 6
132 857 261 884 rorum
273 857 283 892 ;
313 857 479 896 namque
501 845 677 885 Macroni
698 859 776 885 non
803 847 930 884 abdita
949 847 1111 897 ambage
1132 847 1368 886 occidentem
1391 849 1439 885 ab

90 921 111 953 ¹7
130 922 177 949 eo
206 910 338 957 deseri,
369 911 554 950 orientem
584 913 742 961 spectari
768 912 1019 961 exprobravit.
1075 919 1113 950 et
1143 911 1244 951 Gaio
1273 912 1438 958 Caesari,

130 975 226 1014 forte
246 983 329 1014 orto
350 987 526 1014 sermone
548 976 591 1014 L.
615 976 759 1014 Sullam
780 977 968 1023 inridenti,
990 978 1119 1015 omnia
1150 976 1274 1015 Sullae
1295 977 1380 1015 vitia
1402 984 1438 1015 et

89 1051 113 1081 8
131 1041 273 1079 nullam
292 1041 463 1079 eiusdem
483 1042 656 1079 virtutem
677 1041 892 1080 habiturum
917 1041 1111 1091 praedixit.
1168 1042 1279 1080 simul
1300 1043 1438 1081 crebris

130 1118 220 1144 cum
239 1105 403 1144 lacrimis
422 1107 609 1144 minorem
630 1118 677 1144 ex
703 1107 903 1156 nepotibus
924 1107 1145 1156 conplexus,
1169 1107 1263 1144 truci
1289 1106 1438 1144 alterius
1461 1118 1496 1152 ¹5

88 1177 112 1208 9
131 1171 243 1217 vultu,
266 1174 274 1190 ‘
288 1171 440 1210 occides
460 1171 560 1209 hunc
581 1178 621 1209 tu
634 1170 642 1184 '
660 1172 780 1221 inquit
803 1175 860 1209 ‘et
881 1180 916 1209 te
932 1170 1048 1209 alius?
1107 1172 1173 1209 sed
1192 1177 1437 1221 gravescente

129 1235 345 1274 valetudine
374 1236 466 1273 nihil
491 1248 512 1273 e
538 1236 756 1274 libidinibus
786 1236 993 1281 omittebat,
1014 1236 1053 1273 in
1076 1236 1255 1286 patientia
1284 1235 1438 1273 firmitu-

127 1301 256 1339 dinem
290 1300 473 1339 simulans
503 1301 711 1350 solitusque
744 1300 893 1339 eludere
924 1301 1160 1339 medicorum
1194 1307 1292 1339 artes
1325 1306 1439 1350 atque

125 1377 205 1413 eOS,
241 1366 307 1417 qui
338 1373 425 1416 post
459 1367 690 1404 tricesimum
722 1366 854 1404 aetatis
892 1378 1038 1404 annum
1072 1366 1119 1404 ad
1148 1364 1438 1404 internoscenda

127 1432 279 1482 corpori
299 1443 370 1470 suo
389 1432 495 1469 utilia
516 1431 574 1469 vel
595 1432 711 1469 noxia
731 1431 842 1469 alieni
863 1431 1010 1470 consilii
1030 1431 1250 1480 indigerent.
1458 1442 1498 1466 20

180 1501 236 1537 4¹7
268 1495 365 1548 (53).
409 1497 565 1534 Interim
602 1496 751 1534 Romae
789 1496 923 1533 suturis
961 1497 1075 1534 etiam
1113 1502 1200 1546 post
1238 1495 1437 1534 Tiberium

126 1561 307 1601 caedibus
355 1562 499 1600 semina
547 1562 789 1599 iaciebantur.
864 1559 1014 1599 Laelius
1060 1561 1202 1598 Balbus
1249 1560 1435 1607 Acutiam,

127 1626 168 1665 P.
199 1626 339 1664 Vitellii
371 1627 570 1676 quondam
601 1637 770 1672 uxorem,
802 1626 1006 1664 maiestatis
1040 1625 1318 1675 postulaverat;
1362 1637 1437 1675 qua

126 1691 306 1730 damnata
349 1703 436 1729 cum
481 1691 693 1741 praemium
732 1691 941 1730 accusatori
987 1691 1261 1737 decerneretur,
1304 1689 1436 1728 Iunius

126 1755 232 1795 Otho
253 1756 424 1795 tribunus
444 1756 568 1806 plebei
593 1756 811 1802 intercessit,
832 1756 935 1794 unde
959 1756 1029 1793 illis
1052 1756 1150 1802 odia,
1172 1767 1264 1794 mox
1291 1754 1436 1794 Othoni
1458 1769 1495 1802 ²5

83 1822 293 1860 zexitium.
351 1821 439 1859 dein
477 1822 681 1859 multorum
720 1821 915 1858 amoribus
952 1822 1099 1859 famosa
1135 1820 1336 1867 Albucilla,
1377 1820 1438 1858 cui

124 1886 408 1925 matrimonium
429 1898 517 1924 cum
539 1886 663 1924 Satrio
681 1885 858 1924 Secundo
879 1886 1148 1924 coniurationis
1165 1886 1287 1924 indice
1304 1884 1434 1933 suerat,

125 1951 290 1990 defertur
322 1951 509 2001 inpietatis
542 1951 580 1988 in
611 1951 845 2001 principem3
889 1947 1186 1989 conectebantur
1221 1956 1262 1987 ut
1295 1949 1436 1988 conscii

125 2022 162 2054 et
190 2015 347 2053 adulteri
375 2016 455 2054 eius
485 2015 556 2054 Cn.
586 2015 792 2061 Domitius,
813 2015 948 2053 Vibius
970 2015 1137 2062 Marsus,
1160 2014 1203 2052 L.
1224 2014 1434 2052 Arruntius.

83 2079 173 2118 ade
211 2080 433 2118 claritudine
467 2079 625 2119 Domitii
659 2092 777 2130 supra
815 2082 1046 2128 memoravi3
1091 2080 1243 2118 Marsus
1280 2091 1434 2129 quoque
1455 2093 1496 2124 30

82 2145 278 2185 4vetustis
315 2144 522 2183 honoribus
564 2151 601 2183 et
639 2145 804 2183 inlustris
843 2145 974 2183 studiis
1016 2151 1106 2184 erat.
1182 2145 1247 2183 sed
1284 2145 1435 2182 testium

124 2209 420 2259 interrogationi,
460 2210 659 2248 tormentis
698 2221 890 2248 servorum
930 2209 1158 2249 Macronem
1199 2209 1434 2259 praesedisse

124 2274 389 2313 commentarii
422 2274 470 2312 ad
501 2281 675 2313 senatum
709 2275 813 2312 missi
850 2275 1029 2323 serebant,
1064 2275 1263 2326 nullaeque
1297 2275 1336 2312 in
1369 2285 1434 2312 eos
