1643 2655
451 106 689 138 CORNELII
718 105 888 137 TACJTI
912 104 1188 135 ANNALIUM
1241 95 1379 150 [A.U.c.
1404 104 1475 144 788.

159 213 276 250 filium
304 222 488 261 generum
512 210 746 255 destinasset,
776 208 876 246 ultro
911 208 1113 245 damnatur
1147 213 1260 257 atque
1289 207 1383 244 urbe
1412 218 1476 244 ex-

160 278 281 327 igitur.
359 276 581 315 Gaetulicus
628 287 674 312 ea
721 279 944 323 tempestate
993 273 1197 321 superioris
1248 271 1477 310 Germaniae
1495 281 1516 310 3

160 344 329 392 legiones
357 343 514 380 curabat
541 341 757 390 mirumque
788 351 959 376 amorem
988 338 1189 375 adsecutus
1219 345 1307 384 erat,
1334 337 1477 374 effusae

164 409 397 454 clementiae,
418 407 593 445 modicus
621 405 814 443 severitate
844 410 881 441 et
908 403 1084 453 proximo
1113 414 1269 452 quoque
1298 401 1478 440 exercitui

124 489 142 522 5
160 487 227 524 per
247 473 291 511 L.
311 473 526 523 Apronium
548 483 722 509 socerum
743 481 822 506 non
843 470 1022 518 ingratus.
1054 468 1156 505 unde
1177 468 1278 506 fama
1297 473 1477 505 constans
1493 475 1518 503 4

161 551 296 577 ausum
329 539 477 575 mittere
511 537 559 574 ad
591 536 795 574 Caesarem
829 535 980 580 litteras,
1011 533 1246 571 adfinitatem
1284 533 1353 570 sibi
1390 543 1479 570 cum

163 604 300 641 Seiano
321 602 423 640 haud
444 608 580 651 sponte
602 601 669 638 sed
689 599 847 638 consilio
869 599 1014 636 Tiberii
1033 606 1232 648 coeptam;
1262 597 1420 647 perinde
1440 608 1479 634 se

161 681 277 719 quam
298 668 498 706 Tiberium
517 666 593 704 falli
613 666 794 715 potuisse,
809 677 934 714 neque
954 676 1121 702 errorem
1141 664 1305 701 eundem
1325 663 1377 700 illi
1397 663 1479 700 sine

163 734 304 780 fraude,
336 732 417 770 aliis
451 732 565 769 exitio
600 730 832 769 habendum.
901 730 970 767 sibi
1005 729 1118 767 fidem
1149 728 1337 777 integram
1370 735 1416 774 et,
1449 726 1518 769 si5

105 814 145 838 10
163 800 273 837 nullis
298 798 441 836 insidiis
470 803 671 847 peteretur,
701 807 948 841 mansu1·am;
980 806 1238 832 successorem
1269 806 1349 831 non
1379 793 1481 830 aliter

163 877 280 914 quam
306 864 487 901 indicium
516 862 650 900 mortis
679 868 937 910 accepturum.
995 860 1189 897 firmarent
1208 859 1307 896 velut
1334 857 1479 903 foedus,
1497 863 1520 892 6

163 942 241 980 quo
279 930 458 979 princeps
497 934 707 965 ceterarum
742 938 867 963 rerum
899 932 1101 975 poteretur,
1130 925 1211 973 ipse
1245 923 1481 974 provinciam

163 995 351 1032 retineret.
391 993 497 1038 haec,
517 992 614 1028 mira
635 1002 880 1040 quamquam,
898 989 1017 1038 fidem
1030 1001 1078 1026 ex
1092 1001 1139 1026 eo
1152 988 1361 1034 trahebant,
1376 988 1482 1038 quod
1498 993 1519 1024 '7

163 1072 262 1098 unus
291 1059 463 1097 omnium
507 1056 633 1094 Seiani
672 1055 856 1094 adfinium
894 1054 1095 1092 incolumis
1132 1054 1325 1103 multaque
1362 1053 1482 1103 gratia

107 1142 145 1174 15
163 1124 313 1170 mansit,
347 1127 544 1173 reputante
579 1121 735 1159 Tiberio
769 1120 965 1170 publicum
994 1119 1063 1157 sibi
1098 1119 1241 1165 odium,
1271 1125 1482 1156 extremam

164 1196 336 1235 aetatem,
357 1188 556 1238 magisque
576 1186 678 1225 fama
697 1198 811 1235 quam
832 1185 867 1222 vi
891 1191 988 1223 stare
1008 1197 1068 1222 res
1089 1196 1187 1222 suas.

219 1260 267 1294 31
288 1251 387 1306 (37).
417 1253 460 1291 C.
482 1252 613 1291 Cestio
634 1251 690 1289 M.
713 1251 872 1288 Servilio
892 1250 1111 1288 consulibus
1132 1249 1280 1288 nobiles
1296 1248 1424 1286 Parthi
1442 1248 1483 1286 in

164 1322 300 1358 urbem
333 1331 482 1364 venere,
513 1318 646 1367 ignaro
675 1329 765 1366 rege
798 1316 1007 1354 Artabano.
1065 1315 1097 1353 is
1125 1321 1230 1353 metu
1259 1313 1521 1352 Germanicia

165 1386 263 1423 fidus
294 1384 491 1430 Romanis,
521 1382 731 1432 aequabilis
760 1381 799 1418 in
829 1393 929 1426 suos,
950 1392 1042 1417 mox
1073 1379 1289 1429 superbiam
1322 1379 1361 1416 in
1398 1389 1481 1428 nos²

109 1468 150 1491 20
167 1450 361 1489 saevitiam
389 1449 429 1486 in
456 1448 660 1498 populares
691 1446 865 1496 sumpsit,
888 1446 1002 1483 fretus
1032 1444 1151 1491 bellis,
1182 1456 1279 1494 quae
1313 1444 1483 1482 secunda

166 1516 367 1553 adversum
405 1514 664 1552 circumiectas
703 1512 876 1550 nationes
915 1516 1145 1556 exercuerat,
1176 1516 1213 1548 et
1250 1515 1483 1548 senectutem

167 1580 311 1618 Tiberii
337 1586 378 1618 ut
404 1580 589 1617 inermem
619 1578 832 1627 despiciens
861 1576 1069 1625 avidusque
1089 1575 1307 1622 Armeniae,
1328 1574 1389 1613 cui
1417 1574 1481 1612 de-

166 1647 298 1684 functo
319 1657 407 1694 rege
434 1644 592 1682 Artaxia
619 1644 792 1682 Arsacen
821 1642 1027 1679 liberorum
1057 1652 1213 1678 suorum
1242 1640 1483 1678 veterrimum

168 1711 347 1760 inposuit,
370 1709 497 1747 addita
527 1709 761 1747 contumelia
789 1715 825 1746 et
855 1707 980 1745 missis
1009 1705 1075 1756 qui
1103 1718 1238 1756 gazam
1267 1717 1290 1743 a
1317 1704 1484 1743 Vonone

112 1791 150 1825 ²5
168 1777 336 1814 relictam
373 1775 412 1811 in
451 1774 561 1812 Suria
600 1774 810 1823 Ciliciaque
857 1778 1134 1822 reposcerent;
1183 1769 1295 1808 simul
1341 1775 1485 1807 veteres

169 1841 370 1879 Persarum
404 1851 448 1877 ac
480 1838 744 1876 Macedonum
776 1838 969 1883 terminos,
1002 1848 1118 1885 seque
1149 1836 1368 1874 invasurum
1396 1846 1484 1884 pos-

170 1918 275 1944 sessa
294 1905 459 1955 primum
480 1904 584 1953 Cyro
604 1910 640 1942 et
659 1909 746 1953 post
765 1902 988 1940 Alexandro
1014 1914 1081 1951 per
1101 1900 1422 1950 vaniloquentiam
1442 1911 1487 1938 ac

170 1972 293 2008 minas
321 1970 490 2008 iaciebat.
550 1969 618 2006 sed
645 1968 793 2006 Parthis
821 1967 995 2005 mittendi
1022 1972 1185 2004 secretos
1214 1965 1369 2003 nuntios
1396 1965 1486 2002 vali·
1503 1971 1524 1999 3

171 2037 349 2074 dissimus
387 2041 521 2073 auctor
558 2034 627 2072 fuit
667 2033 862 2078 Sinnaces,
902 2032 1040 2081 insigni
1077 2030 1217 2068 familia
1254 2042 1299 2068 ac
1332 2029 1487 2080 perinde

114 2119 156 2151 30
172 2102 319 2151 opibus,
350 2106 387 2138 et
419 2099 615 2149 proximus
645 2099 731 2136 huic
763 2097 899 2135 Abdus
933 2096 1135 2147 ademptae
1163 2094 1352 2133 virilitatis.
1408 2107 1488 2132 non

173 2167 395 2216 despectum
431 2164 471 2202 id
508 2164 612 2213 apud
658 2164 840 2201 barbaros
887 2162 1060 2211 ultroque
1106 2161 1319 2210 potentiam
1361 2159 1487 2198 habet.

175 2233 199 2269 ii
219 2231 372 2270 adscitis
392 2236 428 2267 et
448 2230 528 2267 aliis
547 2229 787 2279 primoribus,
808 2228 899 2277 quia
919 2227 1111 2265 neminem
1140 2226 1265 2276 gentis
1283 2224 1486 2263 Arsacida-
1501 2229 1527 2259 4

175 2309 258 2334 rum
286 2308 457 2333 summae
486 2295 538 2333 rei
567 2295 751 2344 inponere
775 2299 959 2343 poterant,
980 2292 1186 2331 interfectis
1212 2292 1262 2329 ab
1291 2290 1488 2328 Artabano
