1643 2655
450 110 688 143 CORNELII
719 110 888 143 TACJTJ
913 111 1193 142 ANNALJUM
1246 102 1383 157 [mue.
1407 112 1479 153 787·

158 216 322 266 imagine
355 215 510 254 tandem
542 215 737 254 exsolutus
772 216 853 253 urbi
888 214 1112 265 praefuerat.
1170 226 1291 264 genus
1323 214 1374 252 illi
1412 213 1478 252 de-

157 294 301 328 corum,
332 281 453 319 vivida
488 287 691 327 senectus;
732 288 767 318 et
797 292 875 318 non
906 280 1089 329 permissa
1120 279 1312 329 provincia
1343 279 1478 328 digna·

158 348 300 386 tionem
348 346 552 385 addiderat.
627 346 727 383 exim
775 345 914 382 Flacco
963 345 1179 394 Pomponio
1229 344 1359 382 Suriae
1406 355 1476 393 pro
1494 350 1517 381 8

159 419 332 462 praetore
361 411 543 450 defuncto
571 411 773 449 recitantur
794 409 969 448 Caesaris
989 409 1146 454 litterae,
1171 409 1255 458 quis
1282 408 1478 446 incusabat

124 490 140 521 5
159 478 354 527 egregium
375 489 567 527 quemque
588 482 625 514 et
655 474 830 524 regendis
858 474 1088 512 exercitibus
1108 474 1291 512 idoneum
1311 474 1478 511 abnuere

159 543 197 580 id
224 554 375 589 munus,
397 554 512 591 seque
542 554 587 579 ea
615 540 894 578 necessitudine
924 539 973 577 ad
1002 551 1134 589 preces
1163 539 1262 588 cogi,
1288 551 1354 588 per
1383 550 1479 588 quas

160 607 419 646 consularium
449 607 565 656 aliqui
595 617 795 656 capessere
824 605 1038 655 provincias
1068 604 1319 654 adigerentur,
1340 603 1479 642 oblitus

160 673 394 718 Arruntium,
417 685 464 710 ne
485 673 525 709 in
546 672 777 721 Hispaniam
798 676 982 721 pergeret,
1004 670 1213 708 decumum
1233 670 1309 707 iarn
1332 680 1479 707 annum

160 739 316 776 attineri.
371 737 463 776 obiit
482 737 620 775 eodem
639 749 744 776 anno
763 743 800 774 et
820 734 888 774 Μ’.
906 735 1084 786 Lepidus,
1107 735 1154 773 de
1175 735 1282 772 cuius
1301 733 1478 772 modera-
1495 745 1520 774 4

105 819 143 842 10
161 804 261 842 tione
283 809 397 853 atque
419 804 604 852 sapientia
619 803 659 839 in
674 802 862 852 prioribus
879 802 982 838 libris
1004 801 1093 839 satis
1114 800 1321 838 conlocavi.
1353 811 1478 848 neque
1496 808 1519 839 5

159 869 337 907 nobilitas
358 869 496 906 diutius
525 867 824 906 demonstranda
851 872 930 905 est:
960 867 1102 916 quippe
1130 865 1336 903 Aemilium
1356 876 1479 913 genus

160 934 367 973 fecundum
393 934 584 971 bonorum
614 933 763 978 civium,
795 938 831 969 et
861 932 927 981 qui
957 931 1092 969 eadem
1121 929 1264 968 familia
1293 929 1479 979 corruptis

159 999 340 1044 moribus,
362 999 506 1036 inlustri
525 1005 654 1035 tamen
675 997 824 1035 fortuna
843 1009 965 1045 egere.

214 1068 270 1102 28
292 1061 388 1114 (34).
419 1063 540 1101 Paulo
565 1062 686 1100 Fabio
710 1061 754 1099 L.
775 1061 927 1100 Vitellio
955 1061 1175 1100 consulibus
1203 1066 1290 1111 post
1318 1060 1479 1110 longum

104 1144 142 1175 15
162 1129 399 1167 saeculorum
425 1128 609 1166 ambitum
633 1127 712 1165 avis
742 1127 907 1176 phoenix
935 1127 975 1164 in
1002 1126 1223 1176 Aegyptum
1243 1126 1343 1163 venit
1369 1137 1479 1175 prae-

160 1195 317 1244 buitque
355 1194 552 1232 materiem
591 1192 819 1230 doctissimis
860 1192 1127 1242 indigenarum
1165 1198 1201 1229 et
1240 1190 1478 1229 Graecorum

162 1259 280 1297 multa
308 1271 419 1309 super
448 1270 495 1297 eo
524 1257 707 1295 miraculo
736 1257 955 1295 disserendi.
1012 1256 1060 1294 de
1088 1256 1226 1306 quibus
1250 1261 1477 1305 congruunt,
1495 1261 1519 1292 2

162 1332 199 1363 et
227 1325 338 1375 plura
366 1324 545 1372 ambigua
576 1322 643 1360 sed
673 1323 829 1372 cognitu
859 1334 938 1360 non
967 1321 1142 1367 absurda,
1171 1332 1346 1371 promere
1376 1321 1477 1358 libet.

163 1402 312 1428 sacrum
335 1389 412 1427 Soli
432 1389 471 1426 id
493 1388 634 1426 animal
658 1394 694 1426 et
716 1400 782 1426 ore
806 1400 849 1425 ac
877 1387 1056 1425 distinctu
1078 1387 1283 1436 pinnarum
1304 1398 1326 1423 a
1346 1387 1478 1424 ceteris
1495 1395 1517 1425 3

106 1472 145 1494 20
163 1456 293 1494 avibus
322 1455 510 1492 diversum
539 1453 781 1491 consentiunt
810 1453 875 1503 qui
904 1452 1069 1490 formam
1092 1452 1172 1490 eius
1199 1451 1401 1489 effinxere:
1430 1451 1478 1489 de

162 1532 322 1559 numero
351 1530 539 1558 annorum
557 1519 659 1556 varia
688 1518 893 1556 traduntur.
950 1518 1116 1554 maxime
1143 1516 1339 1566 vulgatum
1368 1516 1520 1565 quin-4

163 1593 366 1636 gentorum
387 1585 575 1635 spatium:
607 1589 696 1621 sunt
723 1583 789 1633 qui
816 1583 1036 1620 adseverent
1055 1581 1159 1619 mille
1179 1581 1478 1631 quadringentos

163 1651 361 1700 sexaginta
407 1662 527 1688 unum
574 1649 730 1695 interici,
773 1649 994 1698 prioresque
1041 1647 1134 1685 alios
1180 1653 1255 1684 tres
1303 1646 1480 1685 Sesoside

163 1717 341 1767 primum,
375 1722 463 1764 post
494 1714 678 1751 Amaside
704 1713 1001 1759 dominantibus,
1033 1712 1121 1750 dein
1150 1711 1384 1758 Ptolemaeo,
1414 1712 1480 1761 qui

108 1800 145 1831 25
163 1794 210 1819 ex
231 1780 509 1819 Macedonibus
536 1779 666 1816 tertius
694 1778 873 1827 regnavit,
895 1778 935 1814 in
964 1778 1152 1815 civitatem
1183 1777 1244 1814 cui
1264 1776 1480 1825 Heliopolis

164 1859 307 1884 nornen
326 1844 568 1889 advolavisse,
582 1843 702 1880 multo
717 1848 927 1880 ceterarum
939 1842 1131 1880 volucrum
1145 1841 1327 1880 comitatu
1339 1853 1480 1879 novam

165 1913 302 1950 faeiem
331 1910 562 1948 mirantium.
631 1908 698 1946 sed
726 1909 929 1958 antiquitas
963 1908 1118 1957 quidem
1152 1908 1340 1945 obscura:
1384 1907 1519 1944 inter5

165 1977 427 2015 Ptolemaeum
452 1987 497 2013 ac
528 1973 725 2012 Tiberium
753 1973 878 2011 minus
907 1973 1057 2011 ducenti
1085 1972 1363 2022 quinquaginta
1388 1971 1479 2009 anni

165 2042 329 2080 fuerunt.
400 2039 502 2078 unde
541 2038 715 2078 nonnulli
753 2038 889 2076 falsum
934 2038 1036 2076 hunc
1080 2037 1308 2087 phoenicem
1353 2048 1478 2087 neque
1494 2044 1519 2074 6

108 2123 150 2155 30
167 2107 338 2144 Arabum
366 2118 386 2143 e
416 2105 520 2143 terris
546 2103 750 2150 credidere,
771 2103 935 2152 nihilque
964 2103 1204 2152 usurpavisse
1232 2114 1279 2140 ex
1304 2102 1360 2148 iis,
1381 2114 1479 2152 quae

167 2179 272 2211 vetus
300 2171 486 2209 memoria
507 2169 678 2207 firmavit.
735 2168 910 2207 confecto
933 2168 1074 2218 quippe
1095 2179 1286 2205 annorum
1305 2178 1476 2214 numer0‚
1495 2174 1518 2207 ’1

167 2237 232 2275 ubi
251 2248 356 2274 mors
383 2236 623 2286 propinquet,
644 2234 721 2273 suis
749 2234 789 2272 in
814 2234 921 2272 terris
948 2240 1089 2271 struere
1115 2233 1247 2270 nidum
1273 2232 1383 2283 eique
1402 2232 1478 2270 vim

167 2301 370 2352 genitalem
396 2300 614 2347 adfundere,
635 2312 682 2337 ex
710 2311 785 2349 qua
812 2299 929 2336 fetum
958 2299 1045 2336 oriri
1060 2311 1070 2345 ς
1100 2305 1136 2335 et
1166 2299 1329 2347 primam
1349 2296 1478 2335 adulto
