1634 2640
121 107 202 135 ΑΛ).
224 93 293 148 34.]
387 101 538 133 LIBER
565 102 622 133 VI.
683 103 782 134 CAP.
807 107 851 145 27
876 98 1041 147 (33)—30
1063 99 1158 147 (36).

120 216 250 243 curam
270 204 474 253 sepeliendi
496 206 623 253 patris,
647 218 767 254 neque
799 207 834 242 id
859 214 1007 252 temere,
1030 209 1093 244 scd
1116 210 1260 245 sublato
1282 222 1429 249 murrae

121 269 291 319 pondere
324 276 583 319 temptatoque
617 282 684 319 per
715 270 873 319 longum
909 272 985 317 iter,
1023 273 1083 308 ubi
1119 285 1186 322 par
1216 276 1331 319 oneri,
1363 288 1429 324 par

120 334 262 372 meatui
288 334 345 379 sit,
367 334 492 372 subire
517 334 677 383 patrium
707 346 845 385 corpus
875 336 991 385 inque
1014 335 1116 374 'Solis
1141 349 1244 374 aram
1265 338 1429 387 perferre

81 405 236 450 eatque
267 398 430 437 adolere.
501 399 593 437 haec
627 400 768 438 incerta
801 408 837 438 et
872 400 1051 438 fabulosis
1092 408 1221 439 aucta:
1266 410 1429 440 ceterum

121 464 240 514 aspici
258 463 464 514 aliquando
484 464 523 501 in
545 465 723 514 Aegypto
743 477 827 503 eam
848 466 1040 504 volucrem
1061 478 1138 504 non
1159 467 1371 515 ambigitur.
1449 482 1466 512 5

175 532 232 568 29
253 526 350 580 (35).
384 529 436 567 At
468 528 618 567 Romae
649 530 766 567 caede
804 531 983 568 continua
1018 530 1253 580 Pomponius
1287 531 1428 579 Labeo,

119 605 235 645 quem
249 593 455 644 praefuisse
472 593 643 632 Moesiae
659 595 790 640 rettuli,
807 607 874 644 per
887 596 1065 645 abruptas
1077 608 1192 634 venas
1207 597 1430 646 sanguinem

78 659 275 700 seffudit:
310 659 573 710 aemulataque
608 666 664 698 est
699 661 867 697 coniunx
900 660 1060 698 Paxaea.
1117 673 1206 698 nam
1237 670 1430 712 promptas

119 725 200 763 eius
218 724 324 762 modi
345 731 484 762 mortes
513 732 638 763 metus
666 725 848 763 carnificis
878 725 1049 772 faciebat,
1080 733 1116 763 et
1142 727 1232 776 quia
1261 727 1429 766 damnati

119 789 320 839 publicatis
349 790 462 829 bonis
492 790 685 840 sepultura
715 790 1021 840 prohibebantur,
1053 803 1186 828 eorum
1221 793 1284 841 qui
1314 793 1359 830 de
1389 804 1428 830 se
1452 804 1489 826 ιο

119 856 332 894 statuebant
343 855 599 893 humabantur
614 868 784 906 corpora,
802 857 1009 893 manebant
1024 862 1258 903 testamenta,
1268 858 1430 906 pretium

78 928 101 958 8
119 919 334 960 festinandi.
403 921 470 959 sed
492 920 634 959 Caesar
662 921 786 959 missis
815 921 863 958 ad
893 928 1067 958 senatum
1097 921 1228 959 litteris
1257 922 1429 959 disseruit

118 997 267 1023 morem
289 985 402 1024 fuisse
432 986 653 1033 maioribus,
672 985 848 1036 quotiens
869 985 1085 1023 dirimerent
1105 986 1298 1032 amicitias,
1321 987 1429 1024 inter-

119 1050 243 1088 dicere
263 1049 381 1089 domo
401 1063 566 1101 eumque
596 1051 709 1088 finem
740 1051 882 1099 gratiae
904 1062 1068 1099 ponere:
1098 1050 1136 1087 id
1156 1062 1197 1088 se
1217 1051 1428 1100 repetitisse

117 1114 157 1152 in
176 1114 370 1161 Labeone,
391 1122 504 1165 atque
524 1115 640 1162 illum,
662 1115 750 1165 quia
777 1115 875 1152 male
904 1115 1184 1153 administratae
1214 1116 1429 1164 provinciae
1450 1127 1486 1160 15

118 1180 353 1230 aliorumque
385 1181 587 1218 criminum
621 1181 861 1229 arguebatur,
895 1180 1044 1230 culpam
1073 1180 1211 1218 invidia
1239 1181 1428 1228 velavisse,

118 1245 254 1283 frustra
274 1245 477 1283 conterrita
498 1257 628 1291 uxore,
651 1257 767 1294 quam
794 1245 862 1282 etsi
891 1252 1094 1282 nocentem
1123 1245 1274 1294 periculi
1303 1253 1429 1283 tamen

75 1319 100 1348 4
117 1315 312 1359 expertem
330 1308 456 1347 fuisse.
513 1308 734 1347 Mamercus
755 1309 843 1347 dein
861 1308 1022 1347 Scaurus
1041 1321 1189 1347 rursum
1208 1310 1429 1359 postulatur,

76 1374 278 1423 ainsignis
308 1374 504 1412 nobilitate
537 1380 575 1412 et
604 1374 756 1412 orandis
790 1375 925 1420 causis,
960 1375 1034 1412 vita
1066 1375 1283 1424 probrosus.
1339 1374 1431 1412 nihil

117 1439 221 1478 hunc
249 1439 414 1477 amicitia
445 1439 582 1486 Seiani,
611 1439 677 1477 sed
706 1439 880 1477 labefecit
909 1439 1009 1477 haud
1038 1440 1162 1476 minus
1190 1439 1353 1477 validum
1381 1440 1430 1478 ad
1449 1452 1489 1476 ao

117 1504 230 1543 exitia
249 1503 444 1542 Macronis
465 1504 608 1550 odium,
627 1505 692 1554 qui
713 1504 868 1542 easdem
889 1511 988 1542 artes
1007 1503 1191 1542 occultius
1207 1506 1407 1543 exercebat
1418 1519 1428 1552 ;

118 1568 376 1618 detuleratque
423 1575 689 1618 argumentum
738 1568 954 1617 tragoediae
979 1554 1024 1606 xa
1067 1567 1211 1606 Scauro
1258 1570 1428 1618 scriptae,

76 1634 254 1675 eadditis
291 1634 460 1672 versibus
493 1634 559 1684 qui
594 1634 633 1670 in
667 1632 867 1670 Tiberium
905 1633 1165 1671 flecterentur:
1213 1646 1343 1671 verum
1381 1634 1429 1671 ab

119 1698 276 1737 Servilio
290 1704 326 1737 et
342 1697 524 1737 Cornelio
541 1698 825 1737 accusatoribus
838 1698 1061 1736 adulterium
1075 1697 1213 1746 Liviae,
1228 1711 1428 1748 magorum

76 1775 98 1808 7
117 1774 225 1802 sacra
244 1763 542 1802 obiectabantur.
602 1763 776 1810 Scaurus,
799 1769 840 1801 ut
861 1763 1019 1812 dignum
1038 1763 1225 1801 veteribus
1246 1763 1426 1809 Aemiliis,
1449 1772 1486 1805 25

116 1827 403 1866 damnationem
441 1828 582 1875 anteiit,
615 1827 790 1866 hortante
830 1826 958 1866 Sextia
995 1839 1125 1874 uxore,
1164 1839 1261 1878 quae
1298 1828 1428 1866 incita-

115 1898 288 1931 mentum
307 1893 439 1931 mortis
458 1899 495 1931 et
513 1892 703 1942 particeps
723 1892 801 1930 fuit.

168 1961 226 1996 30
258 1955 355 2010 (36).
395 1957 454 1996 Ac
494 1964 624 1996 tamen
670 1964 917 2004 accusatores,
961 1958 992 1996 si
1035 1957 1193 1996 facultas
1236 1958 1427 2005 incideret,

115 2022 250 2072 poenis
270 2022 556 2068 adliciebantur,
569 2028 610 2060 ut
626 2021 803 2061 Servilius
824 2021 1099 2072 Corneliusque
1120 2022 1268 2072 perdito
1286 2022 1428 2060 Scauro

115 2086 266 2134 famosi,
287 2087 376 2137 quia
394 2087 596 2137 pecuniam
617 2100 640 2125 a
660 2087 779 2125 Vario
807 2086 946 2136 Ligure
976 2087 1205 2125 omittendae
1232 2087 1428 2125 delationis
1446 2096 1487 2128 30

115 2157 304 2201 ceperant,
324 2151 365 2190 in
393 2152 535 2190 insulas
563 2152 762 2190 interdicto
790 2152 867 2202 igni
897 2158 1010 2202 atque
1033 2163 1133 2201 aqua
1161 2151 1301 2189 demoti
1330 2159 1427 2189 sunt.

74 2223 98 2254 Β
116 2222 154 2254 et
172 2215 346 2255 Abudius
367 2215 477 2256 Ruso
504 2216 656 2256 functus
686 2216 874 2255 aedilitate
903 2216 995 2254 dum
1024 2215 1189 2254 Lentulo
1217 2215 1426 2262 Gaetulico,

119 2281 190 2319 sub
209 2292 288 2331 quo
306 2281 447 2330 legioni
467 2281 688 2331 praefuerat,
710 2281 920 2332 periculum
949 2281 1107 2326 facessit,
1127 2280 1230 2331 quod
1249 2281 1280 2318 is
1301 2280 1425 2318 Seiani
