1643 2655
455 107 693 141 CORNELII
725 107 894 139 TACJTJ
920 107 1198 138 ANNALJUM
1249 98 1392 153 [teuc.
1414 108 1490 140 802.

170 213 235 250 sed
265 212 365 250 flexu
395 212 617 249 Armeniam
656 219 801 261 petunt,
833 211 870 248 id
901 212 1082 260 temporis
1111 212 1369 260 inportunam,
1400 209 1489 258 quia

169 277 290 316 hiems
310 278 533 327 occipiebat.
1363 317 1370 323 .

222 347 283 382 13.
313 342 428 380 Exim
467 342 613 380 nivibus
647 348 684 379 et
718 342 912 379 montibus
950 340 1050 387 fessi,
1091 346 1297 390 postquam
1332 351 1491 389 campos

169 409 492 458 propinquabant,
542 407 663 455 copiis
707 406 865 444 Carenis
916 406 1187 453 adiunguntur,
1239 405 1491 454 tramissoque

134 483 152 516 5
171 486 282 511 amne
303 473 410 523 Tigri
440 479 636 522 permeant
664 472 896 517 Adiabenos,
925 483 1088 521 quorum
1119 483 1185 508 rex
1217 471 1341 508 Izates
1371 471 1491 507 socie-

171 546 286 577 tatem
308 538 540 576 Meherdatis
566 538 693 587 palam
717 537 898 582 induerat,
926 537 963 573 in
984 535 1178 574 Gotarzen
1198 549 1265 585 per
1285 536 1436 574 occulta
1455 541 1494 573 et

171 605 294 653 magis
328 604 403 641 fida
442 603 656 640 inclinabat.
714 603 780 640 sed
812 609 921 652 capta
960 602 998 639 in
1036 603 1193 639 transitu
1224 602 1314 639 urbs
1354 600 1534 646 Ninos,2

171 670 423 707 vetustissima
443 668 552 706 sedes
578 669 770 717 Assyriae,
794 673 827 705 et
852 668 1048 705 castellum
1075 668 1225 715 insigne
1252 667 1367 713 fama,
1389 665 1494 715 quod

171 742 367 786 postremo
390 734 486 772 inter
505 733 668 771 Darium
688 741 803 783 atque
824 733 1086 771 Alexandrum
1115 732 1262 781 proelio
1289 731 1493 769 Persarum

116 816 156 840 10
172 801 244 838 illic
274 812 366 849 opes
396 798 650 838 conciderant.
709 800 850 836 interea
875 797 1063 836 Gotarzes
1093 798 1195 846 apud
1222 803 1407 843 montem,
1433 795 1533 834 cuia

173 879 316 905 nomen
333 865 536 910 Sanbulos,
554 870 642 901 vota
657 864 714 901 dis
734 864 808 902 loci
829 864 1070 912 suscipiebat,
1092 863 1298 912 praecipua
1313 862 1495 911 religione

174 932 360 977 Herculis,
392 931 457 981 qui
485 938 660 979 tempore
690 936 787 967 stato
817 942 885 979 per
910 929 1076 979 quietem
1107 934 1239 966 monet
1263 927 1494 974 sacerdotes,

172 1005 212 1034 ut
232 997 416 1046 templum
442 996 546 1033 iuxta
570 1006 690 1045 equos
710 995 861 1032 venatui
886 995 1092 1032 adornatos
1121 994 1262 1031 sistant.
1320 993 1408 1042 equi
1430 993 1495 1030 ubi
1511 998 1537 1028 4

173 1063 370 1112 pharetras
400 1061 483 1099 telis
512 1067 671 1098 onustas
701 1072 892 1109 accepere,
927 1072 994 1109 per
1023 1059 1140 1097 saltus
1169 1059 1254 1107 vagi
1287 1064 1401 1096 nocte
1429 1058 1494 1096 de-

118 1141 155 1172 15
175 1140 280 1165 mum
303 1126 429 1165 vacuis
452 1126 635 1176 pharetris
659 1125 782 1163 multo
809 1137 898 1163 cum
923 1125 1090 1162 anhelitu
1115 1124 1286 1162 redeunt.
1345 1135 1496 1161 rursum

175 1195 280 1239 deus,
319 1205 396 1242 qua
441 1192 552 1230 silvas
593 1192 850 1241 pererraverit,
889 1196 1078 1228 nocturno
1123 1189 1206 1227 visu
1249 1188 1494 1235 demonstrat,

174 1259 483 1308 reperiunturque
502 1257 610 1294 fusae
630 1257 771 1306 passim
793 1256 903 1294 ferae.

228 1329 290 1364 14.
320 1322 498 1362 Ceterum
513 1322 710 1368 Gotarzes,
723 1322 896 1360 nondum
913 1322 1002 1359 satis
1016 1328 1128 1359 aucto
1141 1321 1320 1367 exercitu,
1337 1319 1496 1358 flumine

177 1389 320 1427 Corma
339 1400 410 1438 pro
430 1388 669 1424 munimento
682 1388 746 1432 uti,
761 1394 797 1424 et
818 1399 1054 1436 quamquam
1076 1399 1143 1436 per
1165 1386 1436 1424 insectationes
1456 1390 1495 1422 et

121 1470 160 1492 20
177 1455 330 1491 nuntios
351 1453 400 1490 ad
420 1453 607 1502 proelium
622 1459 829 1499 vocaretur,
852 1459 1002 1489 nectere
1015 1463 1154 1497 moras,
1168 1452 1274 1489 locos
1295 1458 1440 1488 mutare
1460 1457 1497 1488 et

176 1520 300 1556 missis
320 1518 602 1567 corruptoribus
623 1517 838 1554 exuendam
860 1516 908 1554 ad
922 1517 1038 1554 fidem
1059 1516 1190 1554 hostes
1205 1516 1399 1553 emercari.
1449 1528 1496 1553 ex
1514 1523 1536 1552 2

178 1585 261 1634 quis
290 1584 411 1621 Izates
438 1583 652 1628 Adiabeno,
683 1594 777 1620 mox
807 1582 981 1619 Acbarus
1009 1581 1182 1619 Arabum
1211 1593 1300 1619 cum
1330 1581 1498 1619 exercitu

178 1649 400 1694 abscedunt,
424 1648 573 1686 levitate
598 1647 740 1697 gentili,
760 1654 796 1685 et
816 1648 906 1697 quia
935 1647 1204 1697 experimentis
1225 1646 1424 1696 cognitum
1443 1652 1498 1684 est

178 1716 359 1753 barbaros
379 1714 490 1751 malle
513 1713 640 1751 Roma
660 1720 786 1762 petere
807 1725 916 1762 reges
936 1725 1052 1762 quam
1076 1712 1228 1750 habere.
1284 1719 1322 1750 at
1344 1711 1498 1749 Meher-
1515 1720 1537 1748 3

122 1795 160 1827 25
180 1782 285 1818 dates
304 1779 435 1817 validis
459 1779 604 1816 auxiliis
633 1778 809 1823 nudatus,
832 1785 1045 1815 ceterorum
1073 1777 1288 1826 proditione
1309 1783 1498 1826 suspecta,

180 1845 284 1896 quod
303 1857 422 1882 unum
441 1844 640 1892 reliquum,
663 1855 743 1880 rem
764 1844 801 1880 in
822 1855 953 1880 casum
981 1842 1070 1880 dare
1091 1843 1312 1892 proelioque
1339 1843 1499 1892 experiri

181 1912 317 1949 statuit.
376 1922 446 1947 nec
477 1909 695 1946 detrectavit
728 1920 898 1957 pugnam
928 1907 1114 1945 Gotarzes
1146 1908 1352 1945 deminutis
1385 1908 1539 1946 hosti-4

180 1979 252 2015 bus
278 1976 384 2014 ferox
399 1988 408 2021 ;
438 1986 740 2023 concursumque
771 1985 912 2022 magna
943 1973 1059 2010 caede
1083 1979 1118 2010 et
1147 1973 1329 2022 ambiguo
1350 1979 1496 2020 eventu,

181 2044 304 2080 donec
334 2040 523 2079 Carenem
547 2039 755 2089 profligatis
785 2038 955 2076 obversis
982 2038 1132 2087 longius
1155 2045 1328 2075 evectum
1354 2039 1500 2088 integer

123 2121 164 2152 30
182 2121 203 2145 a
224 2114 331 2156 tergo
354 2107 489 2156 globus
509 2105 804 2143 circumveniret.
862 2110 943 2140 tum
964 2104 1069 2141 omni
1090 2115 1155 2152 spe
1180 2103 1326 2153 perdita
1346 2103 1498 2141 Meher-
1515 2111 1538 2141 5

183 2174 299 2218 dates,
330 2172 517 2221 promissa
548 2169 717 2208 Parracis
749 2169 894 2218 paterni
926 2168 1069 2206 clientis
1101 2175 1261 2215 secutus,
1294 2168 1386 2206 dolo
1421 2169 1499 2205 eius

183 2239 342 2275 vincitur
380 2236 613 2285 traditurque
653 2235 796 2273 victori.
852 2241 967 2284 atque
1009 2233 1069 2270 ille
1117 2246 1197 2272 non
1241 2234 1498 2283 propinquum
1515 2237 1540 2267 6

185 2316 308 2352 neque
347 2301 498 2338 Arsacis
544 2301 589 2337 de
635 2307 759 2349 gente,
799 2299 865 2337 sed
905 2299 1159 2347 alienigenam
1199 2305 1237 2336 et
1275 2298 1498 2335 Romanum
