1643 2655
458 97 695 130 CORNELII
727 98 897 131 TACITI
921 99 1195 132 ANNALIUM
1251 92 1388 146 [A.U.C.
1410 103 1482 143 807,

164 199 352 250 pudorem
380 212 532 250 corpus,
563 207 699 239 cuncta
729 214 849 251 regno
879 202 1009 240 viliora
1038 202 1189 241 habere.
1248 203 1342 242 haec
1371 210 1485 254 atque
1504 214 1526 244 5

165 264 251 302 talia
290 265 466 303 dictitans
509 266 683 315 amplecti
724 266 998 312 Britannicum,
1043 268 1158 305 robur
1197 269 1328 306 aetatis
1367 280 1483 318 quam

163 330 426 368 maturrimum
453 332 610 380 precari,
634 332 751 369 modo
772 333 820 369 ad
843 332 946 378 deos,
967 332 1085 370 modo
1106 331 1154 369 ad
1175 333 1302 382 ipsum
1329 333 1483 371 tendere

163 406 311 441 manus,
342 395 586 442 adolesceret,
616 397 733 446 patris
764 397 939 435 inimicos
970 396 1184 446 depelleret,
1210 398 1341 436 matris
1369 398 1483 436 etiam

125 477 143 509 5
163 460 420 498 interfectores
441 461 692 499 ulcisceretur.
1455 503 1458 508 ,

217 530 283 563 66.
314 526 359 562 In
384 532 487 563 tanta
513 526 615 563 mole
646 539 824 564 curarum
851 526 1062 565 valetudine
1091 527 1251 565 adversa
1271 527 1482 577 corripitur,

161 590 452 640 refovendisque
481 591 620 628 viribus
653 592 812 629 mollitia
844 593 937 630 caeli
971 599 1007 630 et
1041 592 1258 630 salubritate
1297 604 1483 642 aquarum

164 654 383 692 Sinuessam
405 656 534 705 pergit.
592 662 671 693 tum
691 657 915 707 Agrippina,
937 658 1086 696 sceleris
1108 658 1199 695 olim
1220 665 1321 695 certa
1347 664 1383 695 et
1412 658 1482 695 ob·
1500 664 1522 693 2

161 720 257 758 latae
287 721 500 758 occasionis
528 734 690 771 propera
719 735 790 760 nee
820 723 1080 761 ministrorum
1110 735 1239 772 egens,
1269 724 1317 761 de
1343 734 1482 772 genere

104 801 144 824 10
163 786 297 824 veneni
331 787 567 833 consultavit,
600 800 647 825 ne
680 789 880 837 repentino
914 796 951 825 et
984 789 1182 837 praecipiti
1217 788 1363 826 facinus
1393 799 1482 836 pro-

162 851 332 898 deretur;
363 852 394 888 si
409 851 555 889 lentum
576 859 611 889 et
626 853 798 890 tabidum
811 853 1026 902 delegisset,
1045 865 1092 890 ne
1107 854 1283 891 admotus
1297 852 1482 902 supremis

162 915 345 954 Claudius
362 923 398 954 et
413 916 504 954 dolo
519 917 711 955 intellecto
727 918 775 955 ad
791 930 961 956 amorem
976 918 1039 955 filii
1055 917 1203 956 rediret.
1247 918 1481 967 exquisitum
1498 924 1519 953 3

161 980 300 1030 aliquid
327 981 513 1030 placebat,
544 983 648 1031 quod
674 983 840 1020 turbaret
866 989 1035 1020 mentem
1060 989 1097 1020 et
1123 988 1286 1020 mortem
1306 977 1525 1020 differret.‘

162 1045 339 1094 deligitur
377 1046 509 1084 artifex
548 1047 678 1084 talium
716 1047 902 1086 vocabulo
937 1046 1118 1094 Locusta,
1154 1059 1275 1097 nuper
1311 1047 1523 1085 veneficii4

103 1123 142 1156 15
162 1110 342 1148 damnata
362 1117 398 1148 et
426 1111 489 1148 diu
509 1111 605 1149 inter
625 1112 874 1150 instrumenta
894 1113 1001 1161 regni
1021 1112 1159 1150 habita.
1217 1113 1296 1150 eius
1316 1112 1482 1150 mulieris
1499 1119 1521 1149 5

162 1175 317 1224 ingenio
356 1182 532 1225 paratum
574 1177 686 1223 virus,
727 1178 834 1216 cuius
874 1178 1042 1215 minister
1080 1190 1101 1214 e
1139 1177 1371 1226 spadonibus
1413 1177 1482 1214 fuit

162 1239 340 1286 Halotus,
370 1241 508 1279 inferre
537 1242 668 1291 epulas
698 1248 734 1279 et
764 1242 962 1291 explorare
991 1248 1106 1291 gustu
1136 1243 1277 1280 solitus.

216 1309 282 1345 67.
312 1305 501 1356 Adeoque
518 1313 657 1344 cuncta
676 1319 767 1344 mox
785 1314 1024 1356 pernotuere,
1042 1313 1082 1344 ut
1098 1314 1314 1356 temporum
1330 1306 1480 1344 illorum

161 1370 366 1419 scriptores
396 1371 632 1420 prodiderint
663 1372 830 1409 infusum
859 1372 1073 1409 delectabili
1101 1372 1187 1410 cibo
1211 1372 1338 1410 boleto
1368 1384 1480 1409 vene—

104 1449 143 1472 20
162 1447 265 1481 num,
295 1448 365 1473 nec
386 1437 461 1473 vim
488 1436 751 1474 medicaminis
775 1437 901 1474 statim
925 1437 1164 1482 intellectam,
1185 1437 1410 1475 socordiane
1431 1449 1480 1474 an

161 1497 310 1536 Claudii
338 1498 564 1544 vinolentia;
596 1499 704 1536 simul
736 1499 857 1537 soluta
886 1499 989 1536 alvus
1021 1499 1240 1537 subvenisse
1273 1499 1480 1537 videbatur.

162 1563 276 1611 igitur
319 1564 493 1601 exterrita
535 1563 749 1613 Agrippina
786 1570 834 1610 et,
874 1564 1030 1614 quando
1068 1564 1201 1602 ultima
1238 1564 1478 1609 timebantur,
1497 1571 1519 1600 2

160 1635 285 1678 spreta
313 1628 570 1678 praesentium
600 1628 750 1674 invidia,
781 1629 972 1678 provisam
1004 1629 1079 1666 iam
1110 1628 1181 1666 sibi
1210 1628 1480 1678 Xenophontis

160 1694 299 1731 medici
319 1693 595 1731 conscientiam
616 1693 780 1731 adhibet.
836 1693 896 1730 ille
920 1700 1117 1742 tamquam
1143 1694 1247 1731 nisus
1271 1693 1480 1731 evomentis
1497 1702 1518 1731 3

103 1772 142 1803 25
163 1759 366 1803 adiuvaret,
398 1758 558 1806 pinnam
592 1757 725 1806 rapido
753 1769 902 1795 veneno
932 1757 1076 1794 inlitam
1105 1757 1276 1796 faucibus
1304 1758 1383 1795 eius
1412 1757 1479 1795 de-

162 1823 309 1860 misisse
347 1822 518 1868 creditur,
552 1821 651 1859 haud
691 1822 846 1871 ignarus
881 1833 1030 1859 summa
1064 1821 1207 1860 scelera
1241 1823 1357 1871 incipi
1391 1834 1479 1861 cum

161 1887 341 1937 periculo,
364 1886 494 1935 peragi
516 1897 604 1923 cum
625 1887 807 1934 praemio.

216 1956 283 1990 68.
313 1950 535 1989 Vocabatur
564 1951 714 1988 interim
744 1958 895 1988 senatus
925 1958 1087 2000 votaque
1120 1964 1191 2001 pro
1221 1951 1479 1991 incolumitate

163 2017 344 2065 principis
393 2015 569 2053 eonsules
611 2022 647 2052 et
692 2015 907 2053 sacerdotes
950 2017 1231 2065 nuncupabant,
1273 2029 1360 2054 cum
1403 2018 1478 2055 iam

104 2093 146 2124 30
164 2082 350 2118 exanimis
380 2081 546 2118 vestibus
573 2087 609 2117 et
638 2079 819 2118 fomentis
843 2081 1093 2129 obtegeretur,
1116 2081 1208 2118 dum
1232 2093 1330 2131 quae
1355 2081 1479 2120 forent

163 2146 351 2183 firmando
397 2145 563 2182 Neronis
613 2146 774 2195 imperio
818 2153 1114 2195 componuntur.
1190 2146 1266 2184 iam
1310 2147 1476 2196 primum
1495 2157 1517 2186 2

164 2211 387 2260 Agrippina,
418 2210 518 2247 velut
548 2209 679 2247 dolore
709 2211 806 2248 victa
836 2217 872 2247 et
906 2211 1046 2248 solacia
1076 2211 1315 2260 conquirens,
1347 2219 1476 2249 tenere

164 2276 343 2324 amplexu
363 2274 636 2322 Britannicum,
659 2287 786 2313 veram
813 2275 960 2324 paterni
988 2276 1062 2313 oris
1088 2276 1252 2325 effigiem
1282 2275 1474 2326 appellare
