1643 2655
430 95 667 128 CORNELII
695 97 865 130 TACJTJ
891 97 1169 129 ANNALJUM
1223 90 1360 144 [mue.
1383 106 1459 142 790.

138 213 268 239 verum
285 201 536 252 Abdagaeses
557 202 848 252 regrediendum
864 203 901 239 in
920 201 1245 251 Mesopotamiam
1262 203 1454 251 censebat,
1473 209 1496 240 5

138 272 179 304 ut
208 279 322 304 amne
356 268 518 314 obiecto,
549 268 744 306 Armeniis
775 268 923 305 interim
956 268 1222 317 Elymaeisque
1253 275 1290 306 et
1324 268 1457 306 ceteris

138 344 161 370 a
180 338 287 382 tergo
307 333 450 378 excitis,
473 333 570 370 aucti
594 333 713 382 copiis
734 332 936 370 socialibus
963 340 998 370 et
1026 344 1121 382 quas
1150 333 1225 370 dux
1255 332 1456 371 Romanus

138 398 299 436 misisset
339 398 531 436 fortunam
572 404 811 447 temptarent.
881 410 927 436 ea
971 398 1157 435 sententia
1200 398 1324 445 valuit,
1366 399 1496 448 quiae

101 475 118 507 5
137 463 301 512 plurima
321 464 523 501 auctoritas
544 475 662 512 penes
678 463 935 512 Abdagaesen
956 470 992 501 et
1014 462 1206 501 Tiridates
1226 463 1386 512 ignavus
1406 465 1455 502 ad

136 528 307 577 pericula
345 536 435 566 erat.
494 528 560 566 sed
598 529 710 577 fugae
749 529 875 578 specie
915 528 1124 566 discessum
1137 541 1146 575 ;
1188 540 1233 566 ac
1270 529 1493 578 principioq

137 606 159 631 a
191 601 303 643 gente
332 593 505 631 Arabum
536 593 636 632 facto
667 595 783 632 ceteri
823 594 962 632 domos
993 595 1137 631 abeunt
1167 593 1226 631 vel
1258 593 1297 630 in
1331 601 1455 633 castra

136 658 332 706 Artabani,
366 658 489 697 donec
525 658 714 697 Tiridates
746 672 833 697 cum
864 660 995 709 paucis
1028 660 1067 696 in
1104 659 1253 697 Suriam
1284 666 1454 699 revectus

136 724 280 774 pudore
300 724 521 774 proditionis
542 736 678 762 omnes
701 725 871 763 exsolvit.

79 804 120 828 10
189 794 246 829 45
280 789 378 841 (51).
417 789 527 827 Idem
567 802 691 828 annus
722 791 826 840 gravi
855 791 943 840 igne
974 791 1109 828 urbem
1140 790 1287 838 adfecit,
1318 791 1454 830 deusta

136 863 242 905 parte
262 855 360 901 circi,
382 867 480 905 quae
500 854 693 893 Aventino
712 856 902 905 contigua,
924 856 1084 905 ipsoque
1104 854 1296 893 Aventino
1307 869 1317 903 ς
1347 856 1453 908 quod

136 921 321 958 damnum
341 920 485 958 Caesar
505 920 553 958 ad
573 920 733 969 gloriam
753 921 860 958 vertit
879 920 1061 958 exsolutis
1086 920 1273 958 domuum
1294 927 1330 959 et
1349 922 1452 959 insu-

137 985 258 1023 larum
295 985 435 1035 pretiis.
493 985 643 1023 miliens
678 986 892 1023 sestertium
921 986 960 1023 in
992 985 1254 1024 munificentia
1285 998 1326 1023 ea
1359 996 1492 1026 con-2

135 1050 317 1096 locatum,
337 1056 444 1088 tanto
468 1051 660 1100 acceptius
680 1050 719 1087 in
739 1050 907 1100 vulgum,
928 1057 1071 1100 quanto
1095 1050 1271 1088 modicus
1300 1051 1452 1101 privatis

79 1127 117 1161 15
136 1116 458 1154 aedificationibus
492 1128 541 1154 ne
572 1115 723 1166 publice
757 1116 910 1166 quidem
943 1116 1013 1154 nisi
1045 1116 1122 1154 duo
1154 1128 1271 1166 opera
1304 1118 1450 1164 struxit,

136 1181 321 1230 templum
359 1181 537 1230 Augusto
576 1188 613 1218 et
647 1193 826 1219 scaenam
864 1179 1089 1230 Pompeiani
1127 1180 1288 1229 theatri;
1330 1194 1452 1233 eaque

136 1246 312 1296 perfecta,
350 1253 572 1296 contemptu
611 1246 829 1284 ambitionis
865 1259 916 1284 an
953 1258 1020 1296 per
1059 1252 1306 1294 senectutem,
1349 1247 1451 1285 haud

136 1311 328 1350 dedicavit.
404 1310 471 1349 sed
507 1311 745 1350 aestimando
784 1312 966 1361 cuiusque
1005 1311 1232 1350 detrimento
1269 1318 1450 1362 quattuor
1471 1321 1492 1350 3

134 1377 336 1426 progeneri
373 1376 560 1423 Caesaris,
601 1376 671 1414 Cn.
706 1376 908 1423 Domitius,
948 1376 1103 1414 Cassius
1142 1376 1353 1427 Longinus,
1393 1376 1451 1415 M.

77 1457 118 1480 20
134 1441 316 1488 Vinicius,
349 1441 546 1479 Rubellius
576 1441 746 1479 Blandus
775 1441 907 1480 delecti
934 1442 1160 1492 additusque
1186 1441 1450 1480 nominatione

134 1507 336 1545 consulum
367 1506 408 1545 P.
438 1506 649 1544 Petronius.
709 1513 746 1544 et
779 1518 850 1556 pro
882 1507 1038 1557 ingenio
1073 1508 1256 1557 cuiusque
1289 1507 1492 1557 quaesiti4

134 1572 348 1622 decretique
367 1572 406 1609 in
425 1572 637 1622 principem
660 1571 836 1609 honores.
894 1584 992 1622 quos
1016 1572 1182 1610 omiserit
1208 1573 1448 1622 receperitve,

132 1638 171 1675 in
207 1638 354 1676 incerto
388 1637 455 1676 fuit
486 1638 537 1675 ob
571 1637 829 1687 propinquum
861 1637 958 1675 vitae
996 1637 1124 1675 finem.
1182 1649 1309 1688 neque
1347 1638 1489 1678 enim5

134 1703 255 1741 multo
288 1709 374 1752 post
409 1703 575 1752 supremi
610 1702 767 1740 Tiberio
805 1702 990 1749 consules,
1027 1702 1098 1741 Cn.
1131 1702 1366 1741 Acerronius
1403 1703 1448 1743 C.

76 1783 114 1816 25
134 1769 300 1815 Pontius,
318 1768 582 1816 magistratum
603 1780 798 1817 occepere,
816 1768 933 1806 nimia
954 1768 1031 1805 iam
1051 1768 1221 1817 potentia
1238 1767 1448 1815 Macronis,

134 1834 197 1884 qui
225 1834 384 1883 gratiam
415 1833 488 1871 Gai
521 1832 696 1870 Caesaris
728 1845 941 1882 numquam
973 1833 1041 1870 sibi
1077 1833 1294 1882 neglectam
1327 1833 1449 1871 acrius

132 1899 172 1936 in
201 1899 281 1936 dies
310 1898 461 1937 fovebat
489 1897 764 1948 impuleratque
794 1904 881 1947 post
912 1903 1074 1935 mortem
1105 1897 1300 1944 Claudiae,
1331 1910 1448 1949 quam

133 1969 293 2014 nuptam
323 1964 357 2001 ei
386 1962 518 2010 rettuli,
543 1974 703 2000 uxorem
731 1975 838 2001 suam
862 1962 1030 2000 Enniam
1060 1962 1247 2000 imitando
1277 1973 1448 2000 amorem

131 2029 309 2067 iuvenem
338 2028 488 2066 inlicere
515 2034 704 2078 pactoque
729 2028 960 2066 matrimonii
981 2027 1133 2075 vincire,
1157 2027 1248 2065 nihil
1276 2028 1447 2065 abnuen-

75 2110 116 2142 30
132 2101 219 2141 tem,
252 2094 342 2131 dum
382 2093 652 2132 dominationis
691 2093 939 2143 apisceretur3
989 2105 1078 2130 nam
1120 2093 1189 2131 etsi
1228 2098 1446 2131 commotus

132 2159 286 2209 ingenio
308 2159 592 2197 simulationum
611 2165 740 2196 tamen
762 2157 857 2196 falsa
876 2158 915 2195 in
936 2158 1020 2196 sinu
1041 2158 1099 2196 avi
1120 2157 1380 2208 perdidicerat.

185 2229 240 2263 46
261 2223 359 2276 (52).
380 2223 554 2262 Gnarum
575 2224 648 2262 hoc
668 2224 840 2274 principi,
857 2235 981 2274 eoque
1002 2223 1181 2261 dubitavit
1198 2223 1244 2261 de
1264 2223 1446 2261 tradenda

132 2303 171 2328 re
204 2291 366 2341 publica,
401 2291 565 2340 primum
598 2290 696 2327 inter
725 2296 895 2339 nepotes,
935 2301 1097 2339 quorum
1132 2288 1261 2327 Druso
1295 2289 1446 2338 genitus
