1634 2640
138 84 308 137 A.n.4s.]
509 93 658 124 LIBER
688 93 755 124 xl.
816 94 915 125 (ΛΡ.
951 100 1091 135 22—25.

136 196 241 233 omni
270 195 378 234 Italia
406 196 444 233 in
474 202 650 234 senatum
680 197 830 241 accitos,
864 203 1059 245 postremo
1098 199 1216 246 ipsam
1257 200 1303 237 ad
1334 200 1452 249 Alpes

136 268 363 310 promotam,
393 268 433 298 ut
462 273 539 298 non
569 261 689 298 modo
719 260 855 310 singuli
885 261 1032 307 viritim,
1064 262 1131 299 sed
1161 271 1289 308 terrae,
1319 272 1452 312 gentes

95 335 117 364 3
133 323 173 362 in
191 336 332 363 nomen
360 334 533 364 nostrum
559 326 825 364 coalescerent.
884 332 973 363 tunc
1002 326 1124 363 solida
1154 326 1258 364 domi
1285 329 1392 377 quies
1416 338 1452 366 et

133 390 312 428 adversus
340 398 496 429 externa
525 391 736 435 floruimus,
767 403 855 428 cum
886 390 1157 440 Transpadani
1192 392 1230 428 in
1265 392 1450 430 civitatem

132 456 286 505 recepti,
312 468 401 494 cum
431 456 558 505 specie
587 456 833 494 deductarum
863 468 931 505 per
953 456 1088 494 orbem
1112 463 1232 493 terrae
1258 456 1450 506 legionum
1470 470 1487 501 5

133 519 270 558 additis
300 521 588 570 provincialium
622 521 861 558 validissimis
894 520 994 558 fesso
1033 521 1191 570 imperio
1226 522 1451 560 subventum

87 593 112 623 4
131 591 197 622 est.
253 597 346 623 num
375 586 541 635 paenitet
568 585 708 623 Balbos
732 598 780 623 ex
807 585 997 635 Hispania
1027 598 1097 623 nec
1127 587 1254 624 minus
1283 587 1451 636 insignes

132 650 232 689 viros
251 662 272 688 e
292 649 416 688 Gallia
435 650 678 689 Narbonensi
699 652 942 689 transivisse?
971 658 1129 689 manent
1156 653 1296 701 posteri
1317 665 1450 690 eorum

90 726 202 756 5nec
232 727 362 753 amore
395 717 435 753 in
468 716 566 754 hanc
597 717 758 766 patriam
796 717 908 754 nobis
940 716 1166 754 concedunt.
1225 717 1315 766 quid
1349 718 1449 756 aliud

130 780 246 819 exitio
266 780 581 820 Lacedaemoniis
601 789 638 820 et
656 781 953 819 Atheniensibus
975 781 1054 828 fuit,
1078 793 1315 832 quamquam
1336 783 1449 820 armis
1472 795 1509 817 10

88 857 112 886 8
129 845 324 895 pollerent,
346 847 417 884 nisi
445 846 550 896 quod
565 847 688 885 victos
714 859 784 896 pro
809 847 1031 896 alienigenis
1056 847 1264 885 arcebant?
1293 855 1329 884 at
1357 860 1447 886 con-

129 910 228 949 ditor
256 912 376 949 nostri
406 911 594 950 Romulus
627 919 773 949 tantum
803 912 987 961 sapientia
1021 911 1145 957 valuit,
1178 919 1219 948 ut
1250 912 1448 962 plerosque

89 987 111 1018 7
129 976 295 1025 populos
317 977 455 1014 eodem
481 977 540 1014 die
565 976 705 1023 hostes,
734 977 821 1015 dein
851 977 950 1015 cives
973 977 1155 1014 habuerit.
1215 977 1380 1014 advenae
1409 978 1448 1014 in

128 1052 198 1078 nos
214 1048 487 1090 regnaverunt:
515 1041 776 1079 libertinorum
790 1042 871 1079 filiis
894 1042 1133 1091 magistratus
1154 1042 1337 1079 mandare
1357 1055 1445 1086 non,

127 1113 168 1142 ut
191 1105 361 1156 plerique
381 1106 567 1153 falluntur,
590 1118 737 1156 repens,
759 1107 826 1145 sed
850 1107 964 1156 priori
988 1106 1131 1156 populo
1151 1105 1360 1144 factitatum
1381 1114 1445 1144 est.
1468 1120 1503 1151 15

85 1177 165 1210 Sat
197 1182 286 1208 cum
325 1170 539 1208 Senonibus
577 1171 854 1220 pugnavimus:
900 1170 1044 1208 scilicet
1078 1169 1209 1208 Vulsci
1248 1177 1285 1208 et
1321 1171 1447 1220 Aequi

84 1246 109 1275 9
127 1246 339 1285 numquam
363 1235 560 1273 adversam
586 1236 698 1273 nobis
723 1236 845 1273 aciem
872 1236 1095 1273 instruxere.
1153 1236 1253 1285 capti
1278 1247 1301 1273 a
1327 1235 1447 1274 Gallis

127 1311 280 1338 sumus:
310 1299 377 1338 sed
398 1306 435 1338 et
455 1299 593 1338 Tuscis
618 1300 770 1338 obsides
797 1299 973 1338 dedimus
1002 1307 1038 1337 et
1063 1299 1292 1337 Samnitium
1315 1300 1446 1350 iugum

127 1365 320 1403 subiimus.
375 1377 421 1403 ac
444 1372 583 1414 tamen,
606 1366 637 1403 si
663 1372 803 1404 cuncta
825 1365 923 1403 bella
949 1377 1159 1411 recenseas,
1190 1365 1338 1403 nullum
1361 1367 1444 1403 bre-

125 1430 227 1468 viore
251 1431 374 1480 spatio
393 1442 509 1480 quam
534 1430 711 1468 adversus
731 1429 864 1468 Gallos
887 1430 1126 1468 confectum:
1157 1431 1338 1468 continua
1357 1431 1443 1468 inde
1464 1444 1504 1465 20

66 1504 111 1533 10
125 1507 170 1533 ac
189 1495 265 1532 fida
292 1508 378 1545 pax.
434 1496 511 1533 iam
537 1496 707 1533 moribus
727 1495 870 1533 artibus
897 1495 1152 1532 adfinitatibus
1177 1496 1316 1532 nostris
1338 1496 1444 1533 mixti

124 1572 260 1598 aurum
289 1568 326 1598 et
353 1572 446 1610 opes
473 1572 560 1598 suas
589 1560 750 1597 inferant
779 1560 904 1610 potius
935 1572 1051 1610 quam
1076 1560 1237 1609 separati
1266 1560 1441 1598 habeant.

66 1632 106 1660 11
125 1623 264 1668 omnia,
294 1629 420 1672 patres
448 1623 662 1671 conscripti,
688 1634 785 1671 quae
814 1634 916 1660 nunc
942 1622 1198 1659 vetustissima
1227 1621 1440 1669 creduntur,

125 1700 226 1726 nova
253 1687 380 1725 fuere:
409 1687 546 1736 plebeii
574 1688 817 1737 magistratus
845 1692 932 1736 post
971 1686 1160 1736 patricios,
1193 1685 1318 1724 Latini
1356 1694 1441 1736 post

123 1753 302 1803 plebeios,
342 1758 552 1790 ceterarum
591 1751 720 1790 Italiae
752 1752 923 1801 gentium
955 1760 1042 1801 post
1080 1751 1246 1789 Latinos.
1301 1751 1438 1789 invete-
1459 1767 1497 1800 25

123 1825 244 1856 rascet
272 1817 345 1855 hoc
378 1829 542 1867 quoque,
574 1825 611 1855 et
644 1816 749 1866 quod
792 1816 906 1855 hodie
938 1815 1121 1866 exemplis
1154 1823 1313 1863 tuemur,
1345 1817 1440 1854 inter

121 1882 296 1932 exempla
323 1881 414 1920 erit.'

176 1953 243 1987 25.
273 1948 497 1987 Orationem
534 1948 714 1998 principis
747 1954 878 1986 secuto
917 1955 1069 1997 patrum
1106 1948 1284 1986 consulto
1327 1947 1438 1996 primi

80 2026 103 2055 2
121 2013 247 2052 Aedui
265 2019 484 2052 senatorum
511 2013 550 2050 in
568 2013 661 2050 urbe
692 2013 749 2050 ius
768 2013 896 2062 adepti
917 2020 1015 2050 sunt.
1073 2013 1202 2050 datum
1230 2012 1267 2049 id
1297 2011 1437 2049 foederi

121 2079 290 2128 antiquo,
305 2084 343 2116 et
357 2078 446 2128 quia
466 2077 536 2116 soli
553 2077 752 2116 Gallorum
766 2078 1007 2116 fraternitatis
1027 2089 1170 2115 nomen
1185 2088 1272 2114 cum
1291 2076 1435 2126 populo
1455 2088 1497 2120 30

121 2143 304 2183 Romano
322 2149 517 2192 usurpant.

80 2219 102 2248 3
174 2208 302 2246 Isdem
335 2207 468 2246 diebus
505 2208 545 2245 in
584 2220 787 2247 numerum
824 2206 1070 2256 patriciorum
1099 2205 1256 2244 adscivit
1293 2205 1436 2244 Caesar

119 2273 412 2311 vetustissimum
442 2285 635 2323 quemque
664 2286 684 2311 e
719 2279 853 2311 senatu
881 2277 944 2309 aut
972 2271 1111 2321 quibus
1139 2271 1228 2308 clari
1259 2278 1434 2320 parentes
