1634 2640
125 85 202 111 Λ.ῑ).
224 70 296 124 3¹·]
354 78 502 109 LIBER
530 79 587 110 Vl.
647 81 746 110 c'Al'.
769 87 799 109 v.
823 78 844 110 6
868 77 930 122 (vi.
958 79 1055 124 1)-v.
1083 89 1128 113 10
1149 79 1213 125 (vi.
1237 78 1286 127 5).

85 182 230 219 §venis
257 181 381 218 intulit
412 182 603 231 vitamque
636 182 870 230 aegritudine
904 184 1019 219 animi
1056 185 1180 221 finivit.
1249 194 1284 223 at
1324 186 1434 224 Pom-

124 246 260 295 ponius
298 246 415 283 multa
456 258 606 283 morum
651 246 836 295 elegantia
882 254 918 283 ct
960 248 1114 294 ingenio
1152 249 1304 294 inlustri,
1344 251 1434 286 dum

124 310 320 348 adversam
348 310 541 348 fortunam
571 322 716 360 aequus
745 310 888 357 tolerat,
912 310 1067 348 Tiberio
1097 321 1283 361 superstes
1314 315 1390 351 suit.

176 378 227 414 V.
264 381 290 414 9
326 374 411 425 (VI.
446 374 497 424 4).
541 375 725 412 Placitum
764 375 920 424 posthac
960 382 999 412 ut
1032 376 1070 413 in
1111 377 1274 426 reliquos
1312 378 1436 415 Seiani

124 440 262 478 liberos
300 439 565 484 adverteretur,
604 448 830 477 vanescente
869 452 1102 490 quamquam
1143 442 1264 490 plebis
1302 442 1355 479 ira
1393 455 1473 487 ac5

84 504 310 554 ‘zplerisque
347 517 416 554 per
451 505 577 554 priora
608 505 791 553 supplicia
822 505 955 542 lenitis.
1023 506 1135 554 igitur
1169 513 1366 555 portantur
1400 507 1437 543 in

123 581 326 614 carcerem,
348 569 444 606 filius
472 569 755 605 imminentium
779 570 1010 617 intellegens,
1032 570 1156 619 puella
1181 571 1278 609 adeo
1299 572 1436 617 nescia,

123 639 164 670 ut
183 634 318 671 crebro
346 634 605 682 interrogaret,
626 633 730 682 quod
756 634 806 670 ob
836 633 1014 671 delictum
1044 642 1080 671 et
1107 647 1184 684 quo
1209 635 1435 682 traheretur;

124 709 250 747 neque
282 697 468 736 facturam
501 698 608 743 ultra,
639 704 676 735 et
706 710 818 747 posse
853 710 892 736 se
927 699 1056 748 puerili
1085 701 1240 737 verbere
1279 700 1437 738 moneri.

84 763 274 800 3tradunt
310 764 490 813 temporis
528 764 609 800 eius
647 770 832 808 auctores,
873 764 962 813 quia
998 764 1216 801 triumvirali
1254 765 1438 814 supplicio
1459 778 1498 801 10

123 827 235 866 adfici
268 828 451 877 virginem
486 828 696 866 inauditum
730 827 952 873 habebatur,
987 840 1009 865 a
1045 829 1220 866 carnifice
1259 829 1437 879 laqueum

123 893 228 930 iuxta
256 905 502 943 conpressam
519 906 527 939 ;
559 893 660 930 exim
690 892 819 930 oblisis
849 892 1020 930 faucibus
1049 893 1087 931 id
1115 894 1246 931 aetatis
1275 906 1438 943 corpora

122 957 162 994 in
182 956 393 996 Gemonias
413 959 571 995 abiecta.

176 1024 227 1059 V.
248 1026 301 1060 10
323 1022 408 1073 (VI.
433 1025 483 1072 5).
515 1023 585 1060 Per
605 1023 706 1060 idem
737 1030 886 1072 tempus
906 1023 998 1060 Asia
1018 1030 1130 1073 atque
1150 1024 1295 1062 Achaia
1314 1032 1434 1062 exter·

123 1086 215 1124 ritae
243 1094 331 1124 sunt
362 1088 437 1124 acri
468 1088 590 1137 magis
619 1099 734 1137 quam
764 1087 943 1125 diuturno
966 1099 1127 1134 rumore,
1150 1088 1318 1126 Drusum
1339 1088 1436 1126 Ger·
1458 1102 1496 1134 15

123 1151 261 1189 manici
280 1151 399 1188 filium
421 1153 523 1201 apud
544 1152 732 1201 Cycladas
747 1152 898 1198 insulas,
915 1165 1007 1190 mox
1022 1153 1061 1189 in
1076 1154 1284 1191 continenti
1304 1154 1436 1191 visum.

83 1227 105 1255 2
124 1222 161 1253 et
206 1223 286 1254 erat
323 1217 466 1254 iuvenis
504 1217 606 1254 haud
643 1216 784 1266 dispari
823 1224 954 1262 aetate,
995 1218 1223 1266 quibusdam
1265 1218 1437 1256 Caesaris

123 1280 262 1320 libertis
284 1281 383 1319 velut
409 1282 610 1331 adgnitus;
650 1294 717 1331 per
743 1281 953 1331 dolumque
980 1282 1249 1321 comitantibus
1282 1283 1436 1321 adlicie-

123 1347 260 1384 bantur
275 1347 398 1396 ignari
418 1346 521 1384 fama
535 1347 702 1384 nominis
716 1353 753 1384 et
769 1346 953 1396 promptis
974 1345 1212 1385 Graecorum
1233 1348 1369 1385 animis
1387 1347 1436 1385 ad

123 1422 222 1449 nova
237 1418 274 1449 et
292 1412 400 1450 mira.
447 1412 588 1461 quippe
604 1411 776 1461 elapsum
796 1411 990 1449 custodiae
1010 1423 1168 1461 pergere
1188 1412 1237 1450 ad
1258 1419 1436 1461 paternos
1457 1424 1497 1446 20

122 1476 317 1522 exercitus,
339 1476 560 1526 Aegyptum
586 1483 651 1513 aut
681 1475 829 1514 Suriam
856 1476 1085 1522 invasurum,
1106 1476 1299 1526 fingebant
1325 1476 1437 1514 simul

82 1551 104 1580 3
122 1539 413 1590 credebantque.
471 1541 547 1578 iam
574 1541 774 1578 iuventutis
800 1552 999 1586 concursu,
1022 1541 1097 1577 iam
1123 1541 1286 1591 publicis
1305 1541 1436 1578 studiis

121 1604 442 1655 frequentabatur,
478 1604 599 1642 laetus
637 1605 897 1654 praesentibus
939 1611 975 1642 et
1013 1605 1182 1642 inanium
1229 1617 1308 1655 spe,
1347 1617 1434 1643 cum

122 1669 293 1706 auditum
324 1668 362 1706 id
396 1669 577 1718 Poppaeo
613 1669 777 1707 Sabino:
809 1670 840 1707 is
875 1668 1130 1707 Macedoniae
1160 1677 1240 1707 tum
1269 1671 1434 1707 intentus

81 1743 104 1772 4
122 1733 309 1771 Achaiam
328 1745 482 1783 quoque
506 1734 672 1771 curabat.
730 1735 844 1783 igitur
867 1746 944 1784 quo
964 1746 1051 1771 vera
1074 1746 1141 1772 seu
1168 1734 1261 1772 falsa
1287 1735 1432 1780 antiret,
1455 1745 1493 1778 25

123 1797 374 1836 Toronaeum
403 1797 740 1848 Thermaeumque
771 1799 896 1836 sinum
925 1799 1209 1848 praefestinans,
1237 1811 1327 1839 mox
1356 1799 1434 1838 Eu-

122 1863 259 1901 boeam
287 1863 432 1912 Aegaei
458 1863 571 1901 maris
595 1863 757 1901 insulam
783 1870 820 1901 et
847 1863 1021 1901 Piraeum
1045 1864 1195 1902 Atticae
1217 1876 1319 1910 orae,
1348 1864 1434 1902 dein

123 1926 388 1966 Corinthiense
430 1927 516 1965 litus
563 1929 835 1978 angustiasque
883 1927 1017 1966 Isthmi
1063 1929 1207 1975 evadit3
1263 1929 1434 1979 marique

123 1990 233 2031 Ionio
261 1991 479 2041 Nicopolim
509 1991 726 2030 Romanam
755 1992 946 2031 coloniam
973 1993 1174 2041 ingressus,
1201 1993 1252 2030 ibi
1279 1993 1433 2030 demum

123 2056 322 2105 cognoscit
368 2055 554 2094 sollertius
599 2058 884 2106 interrogatum,
923 2058 1098 2107 quisnam
1147 2057 1250 2103 foret,
1293 2057 1432 2096 dixisse
1451 2067 1493 2099 30

124 2118 180 2158 M.
201 2118 333 2157 Silano
356 2120 538 2169 genitum,
560 2126 598 2158 et
623 2121 748 2158 multis
775 2126 1004 2159 sectatorum
1034 2121 1188 2171 dilapsis
1216 2121 1432 2159 ascendisse

81 2198 103 2227 5
122 2194 259 2222 navem
286 2189 483 2233 tamquam
511 2184 659 2222 Italiam
683 2192 835 2234 peteret.
892 2186 1114 2235 scripsitque
1142 2186 1235 2224 haec
1264 2185 1429 2231 Tiberio,

122 2257 246 2297 neque
265 2257 337 2285 nos
356 2247 540 2296 originem
561 2248 723 2285 finemve
744 2249 825 2286 eius
844 2248 897 2286 rei
917 2249 1012 2286 ultra
1031 2249 1297 2298 comperimus.
