1634 2640
114 121 192 148 mn.
214 107 285 162 33.]
385 114 534 147 LIBER
562 114 619 146 Vl.
681 114 780 146 CAP.
807 121 852 156 23
875 109 1037 159 (29)-27
1060 111 1157 160 (33).

112 229 208 265 reor,
241 225 278 256 et
308 225 515 268 postquam
551 217 640 255 nihil
674 217 722 255 de
757 218 908 255 saevitia
940 219 1208 265 remittebatur,
1240 221 1427 259 voluntate

113 283 352 330 exstinctam,
375 284 445 320 nisi
467 283 497 320 si
521 284 666 332 negatis
686 282 874 319 alimentis
906 283 1152 320 adsimulatus
1172 292 1226 321 est
1249 286 1341 329 finis,
1363 287 1427 334 qui

73 347 300 387 nvideretur
338 355 473 398 sponte
507 355 691 397 sumptus.
761 348 954 385 enimvero
990 347 1168 385 Tiberius
1203 349 1428 386 foedissimis

113 413 438 452 criminationibus
476 413 626 458 exarsit,
662 413 940 462 impudicitiam
979 425 1145 462 arguens
1182 420 1220 451 et
1255 414 1427 451 Asinium

114 477 268 517 Gallum
301 478 525 524 adulterum,
559 479 715 528 eiusque
755 485 875 516 morte
914 478 963 515 ad
1003 479 1169 516 taedium
1204 479 1300 516 vitae
1338 488 1464 520 con-5

73 543 275 593 apulsam.
331 544 398 582 sed
432 544 645 594 Agrippina
679 544 790 593 aequi
825 544 1024 592 inpatiens,
1056 544 1279 581 dominandi
1309 544 1428 591 avida,

72 617 97 647 4
114 606 279 644 virilibus
298 606 396 644 curis
415 606 642 644 feminarum
655 606 742 643 vitia
759 613 923 643 exuerat.
966 606 1102 644 eodem
1119 606 1178 644 die
1198 606 1427 652 defunctam,

113 683 192 721 quo
221 671 378 709 biennio
412 679 500 709 ante
536 671 696 709 Seianus
726 682 874 720 poenas
904 671 1042 717 luisset,
1074 673 1357 721 memoriaeque
1392 671 1429 708 id

114 736 354 787 prodendum
391 737 536 774 addidit
575 736 729 780 Caesar,
769 736 996 786 iactavitque
1036 736 1141 785 quod
1180 749 1258 774 non
1293 737 1430 786 laqueo

73 813 96 843 5
114 801 345 851 strangulata
373 814 498 852 neque
527 802 566 839 in
597 801 805 840 Gemonias
831 801 999 850 proiecta
1023 801 1128 839 foret.
1185 808 1289 839 actae
1317 803 1368 838 ob
1393 801 1430 838 id
1452 812 1490 834 10

112 874 238 917 grates
267 867 539 917 decretumque
565 873 606 904 ut
639 867 815 915 quintum
849 866 1054 904 decumum
1086 866 1158 903 kal.
1188 866 1428 912 Novembris,

113 933 309 982 utriusque
330 933 432 970 necis
453 933 525 978 die,
547 944 614 981 per
634 932 761 969 omnis
782 943 904 969 annos
925 931 1071 969 donum
1092 931 1173 969 Iovi
1193 939 1411 969 sacraretur.

169 1001 224 1035 26
256 996 354 1047 (32).
398 997 517 1034 Haud
548 996 668 1034 multo
699 1004 787 1045 post
825 995 1014 1034 Cocceius
1053 996 1189 1042 Nerva,
1229 997 1430 1034 continuus

115 1062 289 1112 principi,
310 1063 436 1100 omnis
466 1062 582 1100 divini
611 1062 844 1111 humanique
874 1062 963 1099 iuris
993 1062 1126 1108 sciens,
1148 1062 1298 1111 integro
1321 1069 1427 1107 statu,

73 1138 95 1168 2
114 1139 276 1176 corpore
296 1126 453 1174 inlaeso,
476 1127 666 1165 moriendi
695 1127 897 1165 consilium
919 1127 1028 1176 cepit.
1085 1126 1191 1177 quod
1209 1132 1251 1163 ut
1271 1126 1428 1164 Tiberio
1449 1139 1487 1172 15

114 1192 321 1242 cognitum,
357 1192 539 1237 adsidere,
571 1203 707 1229 causas
742 1191 944 1241 requirere,
979 1191 1118 1229 addere
1149 1203 1292 1240 preces,
1323 1191 1429 1228 fateri

112 1264 311 1307 postremo
330 1269 445 1306 grave
474 1256 741 1302 conscientiae,
763 1268 875 1305 grave
901 1255 1024 1294 famae
1055 1268 1156 1302 suae,
1179 1257 1210 1294 si
1231 1256 1428 1305 proximus

73 1335 95 1365 8
113 1323 325 1360 amicorum
346 1321 458 1359 nullis
478 1321 665 1360 moriendi
685 1321 894 1359 rationibus
910 1321 1024 1358 vitam
1044 1320 1200 1370 fugeret.
1239 1327 1430 1358 aversatus

113 1399 333 1426 sermonem
371 1386 499 1424 Nerva
544 1386 812 1424 abstinentiam
859 1386 932 1424 cibi
980 1386 1185 1425 coniunxit.
1261 1385 1431 1423 ferebant

112 1452 222 1503 gnari
253 1452 531 1502 cogitationum
563 1451 653 1497 eius,
688 1457 833 1501 quanto
862 1451 1016 1501 propius
1047 1451 1147 1488 mala
1175 1451 1228 1489 rei
1257 1450 1429 1500 publicae
1450 1463 1489 1486 20

113 1518 260 1564 viseret,
277 1517 332 1555 ira
351 1523 389 1555 et
407 1523 522 1564 metu,
544 1516 637 1554 dum
658 1517 814 1566 integer,
835 1516 927 1554 dum
946 1516 1205 1565 intemptatus‚
1226 1515 1428 1553 honestum

113 1582 230 1620 finem
252 1582 426 1620 voluisse.

72 1658 98 1688 4
169 1647 349 1686 Ceterum
383 1647 618 1696 Agrippinae
645 1646 841 1696 pernicies,
870 1647 974 1695 quod
1003 1646 1065 1683 vix
1095 1645 1283 1691 credibile,
1317 1644 1428 1683 Plan-

113 1713 242 1751 cinam
267 1712 390 1750 traxit.
447 1718 566 1761 nupta
594 1711 686 1750 olim
717 1711 788 1750 Cn.
813 1711 943 1749 Pisoni
973 1718 1010 1749 et
1033 1711 1160 1760 palam
1189 1707 1287 1758 laeta
1305 1717 1428 1748 morte

112 1776 344 1823 Germanici,
365 1788 455 1815 curn
481 1776 572 1814 Piso
593 1776 755 1822 caderet,
776 1776 954 1825 precibus
978 1776 1175 1825 Augustae
1205 1787 1275 1813 nec
1303 1776 1428 1812 minus
1449 1789 1486 1822 ²5

72 1854 95 1884 5
113 1841 313 1879 inimicitiis
350 1841 587 1891 Agrippinae
626 1841 783 1880 defensa
824 1847 914 1879 erat.
987 1847 1029 1878 ut
1067 1840 1197 1878 odium
1234 1846 1271 1878 et
1309 1840 1429 1889 gratia

113 1906 267 1953 desiere,
302 1906 361 1945 ius
394 1907 534 1953 valuit;
576 1907 770 1956 petitaque
803 1905 1023 1944 criminibus
1052 1904 1152 1943 haud
1181 1905 1329 1954 ignotis,
1361 1916 1428 1943 sua

113 1982 232 2009 manu
252 1983 335 2010 sera
354 1972 477 2021 magis
496 1983 613 2022 quam
633 1972 808 2009 inmerita
827 1971 1010 2021 supplicia
1030 1970 1218 2020 persolvit.

166 2040 221 2077 2¹7
242 2035 340 2087 (33).
369 2036 451 2075 Tot
479 2036 642 2076 luctibus
672 2037 821 2076 funesta
849 2037 995 2074 civitate
1024 2047 1112 2085 pars
1141 2035 1324 2073 maeroris
1348 2035 1426 2083 fuit,

112 2102 218 2153 quod
245 2101 343 2140 Iulia
370 2101 487 2140 Drusi
516 2101 603 2149 filia,
632 2103 830 2153 quondam
860 2101 1024 2139 Neronis
1054 2113 1162 2146 uxor,
1176 2100 1361 2154 ¹denupsit
1389 2100 1427 2137 in
1447 2116 1488 2147 30

111 2168 272 2205 domurn
310 2166 474 2206 Rubellii
512 2167 661 2214 Blandi,
701 2168 808 2206 cuius
856 2178 967 2205 avum
1015 2166 1217 2204 Tiburtem
1261 2166 1426 2215 equitem

71 2234 94 2263 2
114 2228 336 2268 Romanum
364 2229 534 2280 plerique
563 2230 829 2268 meminerant.
883 2235 1054 2268 extremo
1082 2228 1172 2267 anni
1198 2239 1302 2266 mors
1332 2228 1427 2266 Aelii

113 2293 269 2332 Lamiae
289 2293 421 2333 funere
440 2297 616 2334 censorio
642 2295 842 2341 celebrata,
867 2295 932 2344 qui
953 2294 1274 2332 administrandae
1297 2293 1426 2331 Suriae
