1634 2640
157 107 235 132 nn.
256 91 325 143 ῃ]
517 98 665 129 LIBER
694 97 760 128 XI.
821 97 920 127 CAP.
956 102 1092 139 ¹5-19-

115 213 138 242 2
154 201 276 239 ciores
296 201 470 238 Italicum
499 200 779 250 sequebantur:
811 210 889 236 non
910 200 1012 236 enim
1039 200 1224 248 inrupisse
1250 201 1298 237 ad
1318 201 1463 244 invitos,

154 266 222 303 sed
241 267 404 304 accitum
429 266 678 310 memorabat,
705 264 862 314 quando
889 264 1082 302 nobilitate
1111 272 1257 302 ceteros
1283 266 1464 302 anteiret:

154 330 329 369 virtutem
357 331 626 380 experirentur,
656 342 705 367 an
739 329 897 378 dignum
931 340 971 366 se
1005 335 1140 378 patruo
1175 329 1359 373 Arminio,
1393 341 1464 366 avo

113 404 136 434 8
155 395 361 434 Actumero
375 396 585 445 praeberet.
641 407 712 432 nec
726 402 871 444 patrem
886 394 1024 440 rubori,
1039 393 1143 443 quod
1157 393 1270 430 fidem
1286 393 1464 431 adversus

155 459 354 499 Romanos
374 461 586 498 volentibus
606 459 809 498 Germanis
829 466 1019 508 sumptam
1040 470 1249 509 numquam
1269 458 1464 496 omisisset.
1484 468 1500 498 5

110 535 135 564 4
153 525 248 564 falso
267 525 447 564 libertatis
473 525 700 563 vocabulum
728 524 885 562 obtendi
912 525 961 561 ab
985 524 1040 569 iis,
1065 524 1129 573 qui
1154 524 1329 573 privatim
1353 523 1464 572 dege-

155 602 276 636 neres,
309 590 348 628 in
384 590 579 640 publicum
618 590 776 635 exitiosi,
811 589 902 626 nihil
937 590 1016 638 spei
1051 589 1120 626 nisi
1158 601 1225 638 per
1258 589 1464 626 discordias

111 665 135 695 5
153 654 330 693 habeant.
387 656 627 705 adstrepebat
646 654 731 692 huic
751 654 873 692 alacre
892 654 1051 703 vulgus;
1082 661 1118 692 et
1145 666 1287 703 magno
1306 658 1348 690 ut
1369 654 1464 690 inter

153 721 336 759 barbaros
359 721 503 770 proelio
529 721 646 758 victor
668 732 746 766 rex,
775 720 862 757 dein
890 719 1057 758 secunda
1081 719 1233 757 fortuna
1262 719 1311 756 ad
1335 731 1463 768 super-

153 776 255 823 biam
278 785 477 835 prolapsus
496 785 712 835 pulsusque,
737 797 780 823 ac
809 797 935 822 rursus
961 783 1306 834 Langobardorum
1327 784 1464 833 opibus
1485 793 1523 815 10

153 849 313 889 refectus
332 863 400 900 per
418 851 516 888 laeta
535 863 602 900 per
622 851 778 888 adversa
796 862 856 888 res
877 849 1090 888 Cheruscas
1110 849 1341 887 adflictabat.

206 919 266 953 18.
296 915 368 954 Per
397 916 500 954 idem
522 923 672 966 tempus
702 915 858 960 Chauci,
891 914 992 952 nulla
1021 915 1257 953 dissensione
1281 914 1396 961 domi,
1426 921 1464 952 et

152 988 275 1019 morte
301 980 499 1031 Sanquinii
522 981 674 1028 alacres,
706 981 796 1019 dum
827 980 997 1019 Corbulo
1028 980 1217 1025 adventat,
1248 980 1462 1018 inferiorem

154 1045 400 1084 Germaniam
429 1047 665 1084 incursavere
699 1046 794 1084 duce
830 1045 1048 1091 Gannasco,
1079 1046 1143 1095 qui
1178 1046 1331 1083 natione
1361 1045 1460 1083 Can-

152 1111 309 1157 ninefas‚
330 1111 509 1149 auxiliare
535 1111 764 1160 stipendium
791 1111 957 1156 meritus,
986 1117 1072 1160 post
1095 1110 1298 1160 transfuga,
1319 1110 1461 1148 levibus
1481 1121 1519 1154 15

151 1176 310 1225 navigiis
346 1176 638 1225 praedabundus
675 1175 874 1214 Gallorum
917 1176 1085 1213 maxime
1131 1187 1238 1213 oram
1280 1177 1460 1221 vastabat,

111 1254 134 1284 2
153 1252 232 1278 non
261 1241 414 1290 ignarus
442 1240 536 1278 dites
565 1248 602 1278 et
629 1240 787 1278 inbelles
815 1252 908 1278 esse.
966 1247 1004 1277 at
1031 1239 1200 1278 Corbulo
1228 1240 1461 1289 provinciam

151 1305 343 1355 ingressus
371 1318 512 1355 magna
545 1317 634 1343 cum
667 1317 757 1343 cura
784 1312 822 1343 et
850 1317 942 1343 mox
971 1305 1102 1354 gloria,
1139 1305 1199 1343 cui
1232 1305 1460 1355 principium

151 1369 214 1407 illa
246 1370 376 1407 militia
411 1370 490 1416 fuit,
524 1370 695 1408 triremes
728 1370 835 1408 alveo
870 1369 1009 1415 Rheni,
1045 1376 1188 1408 ceteras
1225 1370 1389 1417 navium,
1421 1377 1461 1408 ut

150 1447 324 1486 quaeque
344 1435 498 1481 habiles,
519 1447 587 1485 per
607 1436 792 1474 aestuaria
817 1442 853 1473 et
878 1435 999 1473 fossas
1019 1435 1146 1485 adegit
1161 1448 1171 1482 ;
1200 1435 1461 1485 luntribusque
1480 1446 1520 1468 20

150 1499 318 1538 hostium
355 1500 540 1550 depressis
578 1507 615 1538 et
653 1501 851 1538 exturbato
889 1499 1109 1548 Gannasco,
1150 1501 1215 1538 ubi
1248 1501 1461 1548 praesentia

151 1565 241 1602 satis
274 1565 488 1615 composita
517 1571 614 1610 sunt,
651 1565 819 1613 legiones
854 1576 1016 1614 operum
1051 1572 1088 1602 et
1121 1565 1260 1602 laboris
1291 1565 1459 1613 ignavas,

151 1629 463 1679 populationibus
482 1629 676 1675 laetantes,
696 1637 860 1667 veterem
888 1629 937 1667 ad
957 1641 1106 1667 morem
1133 1629 1288 1675 reduxit,
1309 1642 1357 1667 ne
1377 1630 1460 1679 quis

109 1706 132 1736 3
150 1695 302 1743 agmine
331 1694 529 1733 decederet
554 1707 624 1732 nec
654 1707 827 1745 pugnam
851 1695 922 1732 nisi
947 1695 1070 1732 iussus
1095 1695 1214 1732 iniret.
1271 1695 1459 1739 stationes,

150 1760 308 1810 vigiliae,
345 1760 478 1797 diurna
517 1767 777 1810 nocturnaque
814 1760 946 1798 munia
982 1761 1022 1797 in
1059 1760 1174 1798 armis
1211 1760 1458 1809 agitabantur.
1479 1769 1516 1801 25

108 1826 345 1876 4seruntque
371 1825 538 1871 militem,
567 1826 655 1876 quia
683 1825 822 1862 vallum
850 1837 931 1863 non
959 1826 1161 1872 accinctus,
1191 1832 1305 1875 atque
1335 1825 1458 1869 alium,

108 1908 130 1937 5
149 1890 239 1940 quia
258 1891 424 1940 pugione
444 1898 593 1928 tantum
609 1891 801 1928 accinctus
822 1891 978 1937 foderet,
1000 1898 1124 1928 morte
1145 1891 1308 1940 punitos.
1363 1902 1460 1940 quae

149 1955 265 1992 nimia
283 1962 321 1992 et
340 1955 524 1993 incertum
555 1967 604 1992 an
632 1955 728 1993 falso
746 1956 843 1993 iacta
863 1956 1050 2005 originem
1070 1961 1198 1993 tamen
1223 1967 1243 1992 e
1268 1954 1460 1992 severitate

150 2019 258 2057 ducis
285 2026 454 2066 traxere;
493 2020 755 2069 intentumque
781 2027 818 2058 et
843 2021 991 2069 magnis
1020 2019 1162 2057 delictis
1189 2018 1459 2056 inexorabilem

149 2084 257 2130 scias,
278 2085 340 2122 cui
358 2091 507 2122 tantum
527 2085 740 2134 asperitatis
760 2085 873 2122 etiam
895 2085 1074 2122 adversus
1093 2084 1188 2121 levia
1207 2083 1440 2122 credebatur.
1479 2092 1519 2123 30

203 2153 262 2186 19.
293 2147 473 2187 Ceterum
519 2150 550 2187 is
592 2156 712 2188 terror
753 2149 890 2187 milites
935 2149 1138 2199 hostesque
1184 2149 1223 2186 in
1270 2148 1459 2186 diversum

148 2214 311 2252 adfecit:
346 2225 420 2252 nos
447 2214 620 2252 virtutem
655 2215 841 2260 auximus,
877 2214 1027 2252 barbari
1055 2214 1212 2252 serocim
1239 2213 1458 2263 infregaere.

108 2284 131 2314 2
149 2286 186 2317 et
228 2278 332 2316 natio
378 2278 596 2325 Frisiorum,
639 2286 728 2330 post
769 2279 1017 2317 rebellionem
1060 2279 1169 2317 clade
1211 2277 1255 2316 L.
1298 2278 1458 2328 Apronii
