1634 2640
448 632 1019 691 ANNALES

536 806 933 855 V,V1‚X1,X11

374 972 535 1012 LIBER
565 973 613 1011 V.
670 974 1082 1013 FRAGMENTUM.

123 1096 158 1131 1.
188 1091 389 1131 Runumo
405 1104 455 1130 ET
468 1092 590 1130 Fumo
605 1093 837 1137 consulibus,
857 1104 1018 1141 quorum
1033 1093 1182 1143 utrique
1197 1092 1386 1131 Geminus

71 1162 372 1207 cognomentum
413 1166 502 1201 erat,
543 1156 637 1193 Iulia
681 1158 856 1205 Augusta
901 1163 1064 1194 mortem
1114 1159 1217 1203 obiit,
1265 1165 1386 1196 aetate

71 1228 252 1267 extrema,
291 1221 496 1258 nobilitatis
539 1232 606 1269 per
644 1220 848 1258 Claudiam
883 1222 1065 1258 familiam
1109 1230 1144 1259 et
1182 1223 1385 1271 adoptione

33 1294 54 1324 2
73 1285 266 1324 Liviorum
286 1285 545 1334 Iuliorumque
566 1285 806 1322 clarissimae.
864 1286 1029 1334 primum
1049 1287 1083 1323 ei
1105 1287 1385 1324 matrimonium

14 1352 18 1356 ⁴
72 1357 109 1388 et
126 1351 231 1388 liberi
255 1349 358 1387 fuere
382 1361 470 1387 cum
496 1349 653 1386 Tiberio
682 1349 849 1396 Nerone,
870 1351 935 1399 qui
963 1350 1062 1388 bello
1091 1350 1274 1389 Perusino
1299 1363 1386 1400 pro-

74 1415 196 1465 fugus,
226 1427 319 1464 pace
353 1415 449 1451 inter
484 1414 570 1452 Sex.
613 1414 843 1464 Pompeium
876 1427 920 1452 ac
961 1416 1177 1453 triumviros
1209 1421 1321 1465 pacta
1349 1417 1387 1453 in

34 1491 55 1521 3
73 1481 206 1518 urbem
237 1479 354 1517 rediit.
411 1479 513 1516 exim
544 1479 686 1516 Caesar
714 1479 891 1528 cupidine
920 1480 1063 1518 formae
1093 1480 1211 1518 aufert
1239 1481 1385 1526 marito,

73 1546 259 1583 incertum
283 1556 333 1582 an
357 1544 523 1589 invitam,
545 1543 644 1581 adeo
669 1555 853 1592 properus
873 1552 913 1581 ut
939 1557 986 1581 ne
1015 1545 1137 1593 spatio
1166 1545 1319 1594 quidem
1339 1546 1387 1582 ad

33 1620 56 1649 4
73 1609 293 1648 enitendum
323 1608 412 1646 dato
441 1608 641 1657 penatibus
666 1609 742 1645 suis
767 1609 962 1658 gravidam
989 1609 1186 1646 induxerit.
1243 1610 1385 1647 nullam

72 1673 231 1723 posthac
265 1672 438 1711 subolem
471 1672 596 1717 edidit,
626 1672 692 1709 sed
722 1673 899 1722 sanguini
926 1674 1088 1722 Augusti
1111 1685 1178 1722 per
1204 1675 1386 1712 coniunc-

73 1739 216 1776 tionem
245 1737 480 1786 Agrippinae
510 1744 545 1774 et
576 1736 795 1774 Germanici
823 1737 974 1775 adnexa
999 1750 1223 1776 communes
1251 1751 1386 1788 prone-

33 1810 183 1854 spotes
213 1802 355 1840 habuit.
412 1802 610 1839 sanctitate
643 1802 781 1839 domus
807 1802 973 1851 priscum
1003 1802 1051 1839 ad
1080 1814 1236 1849 morem,
1267 1803 1388 1840 comis

73 1867 170 1905 ultra
189 1879 305 1917 quam
326 1866 491 1916 antiquis
521 1866 671 1903 feminis
701 1867 915 1916 probatum,
928 1874 1057 1910 ,mater
1083 1867 1269 1916 inpotens,
1292 1879 1388 1904 uxor

74 1932 192 1970 facilis
210 1938 248 1969 et
266 1943 355 1969 cum
375 1931 517 1968 artibus
547 1931 681 1975 mariti,
702 1930 938 1969 simulatione
965 1931 1027 1968 filii
1047 1932 1143 1969 bene
1163 1932 1385 1980 composita.

33 2005 56 2036 6
74 1996 186 2034 sunus
207 1996 289 2034 eius
313 1994 521 2042 modicum,
543 2001 812 2032 testamentum
839 1995 902 2032 diu
926 1995 1079 2032 inritum
1103 1995 1180 2032 fuit.
1236 1995 1385 2032 laudata

73 2067 129 2098 est
158 2071 229 2109 pro
256 2060 387 2098 rostris
415 2072 438 2097 a
466 2057 566 2097 Gaio
596 2059 760 2097 Caesare
789 2066 1011 2108 pronepote,
1042 2060 1106 2108 qui
1136 2071 1227 2097 mox
1260 2072 1385 2096 rerum

74 2124 216 2173 potitus
235 2131 302 2161 est.
908 2113 924 2119 “

130 2191 168 2225 2.
199 2189 249 2224 At
268 2186 459 2233 Tiberius,
481 2187 585 2236 quod
601 2187 786 2236 supremis
806 2187 844 2223 in
864 2193 1023 2224 matrem
1043 2187 1176 2224 officiis
1195 2187 1384 2234 defuisset,

74 2251 167 2288 nihil
186 2258 330 2288 mutata
353 2252 581 2288 amoenitate
602 2252 710 2295 vitae,
731 2250 1036 2299 magnitudinem
1060 2251 1302 2299 negotiorum
1321 2264 1386 2297 per

1412 1368 1446 1389 10

1409 1687 1445 1718 ¹5

1408 2006 1446 2028 20
