1634 2640
109 106 183 133 an.
205 90 278 146 36.]
381 98 533 131 LIBER
561 99 617 130 VJ.
680 100 779 131 CAP.
803 105 850 142 37
874 93 1042 143 (4.3)-40
1063 96 1162 145 (46).

109 203 255 242 alienae
274 209 473 241 ostentans
502 210 539 240 et
567 211 806 252 contemptor
833 214 922 240 suae
951 203 1138 249 infamiae,
1160 216 1208 242 an
1236 206 1420 243 scelerum

111 268 236 308 Seiani
257 268 320 306 diu
347 269 498 306 nescius
525 280 615 305 mox
644 279 802 318 quoquo
831 269 949 306 modo
970 269 1067 306 dicta
1088 269 1229 317 vulgari
1259 271 1421 308 malebat

108 335 358 384 veritatisque,
375 335 435 372 cui
451 334 618 371 adulatio
633 334 761 379 officit,
779 346 844 383 per
864 334 1002 383 probra
1023 334 1156 372 saltem
1176 347 1315 384 gnarus
1335 336 1420 372 fieri.

68 400 230 444 4isdem
272 399 406 438 diebus
445 398 610 437 Granius
657 398 880 436 Marcianus
922 407 1085 445 senator,
1119 412 1141 436 a
1176 399 1218 437 C.
1248 399 1423 437 Graccho

110 465 318 503 maiestatis
345 465 566 514 postulatus,
588 465 663 500 vim
692 465 787 501 vitae
819 476 908 502 suae
933 465 1064 510 attulit,
1089 464 1304 514 Tariusque
1327 465 1421 502 Gra·
1440 480 1461 514 5

109 531 232 570 tianus
256 537 430 581 praetura
448 529 600 568 functus
621 529 703 578 lege
723 529 860 567 eadem
884 537 1097 568 extremum
1117 530 1166 568 ad
1195 530 1421 580 supplicium

109 596 323 635 damnatus.

163 665 220 700 39
242 660 340 712 (45).
367 660 450 699 Nec
472 660 641 710 dispares
662 659 883 698 Trebelleni
905 660 994 698 Rufi
1015 668 1050 698 et
1072 660 1189 699 Sextii
1218 660 1425 698 Paconiani

109 727 256 765 exitus:
292 738 384 764 nam
415 725 669 777 Trebellenus
698 737 768 763 sua
796 738 914 763 manu
943 726 1089 772 cecidit,
1120 725 1358 764 Paconianus
1385 726 1424 762 in

110 804 262 830 carcere
289 792 341 830 ob
371 792 541 830 carmina
566 791 639 829 illic
669 791 707 828 in
735 791 946 840 principem
976 791 1143 828 factitata
1173 792 1424 841 strangulatus
1445 807 1485 830 10

68 864 177 899 aest.
233 857 329 895 haec
359 856 538 894 Tiberius
570 868 649 894 non
681 857 786 903 mari,
819 864 859 894 ut
891 856 995 901 olim,
1028 856 1166 894 divisus
1200 868 1325 906 neque
1358 868 1425 905 per

109 923 342 973 longinquos
376 923 529 960 nuntios
558 922 778 972 accipiebat,
809 922 876 960 sed
912 922 1047 960 urbem
1076 922 1190 967 iuxta,
1221 921 1356 959 eodem
1385 927 1425 958 ut

109 988 170 1026 die
198 988 256 1025 vel
286 988 410 1026 noctis
437 987 634 1025 interiectu
665 987 794 1025 litteris
825 987 1028 1025 consulum
1057 987 1288 1032 rescriberet,
1316 986 1424 1036 quasi

110 1054 300 1103 aspiciens
328 1053 539 1090 undantem
559 1065 626 1102 per
653 1052 789 1090 domos
821 1053 1047 1102 sanguinem
1067 1059 1131 1090 aut
1152 1064 1287 1089 manus
1303 1052 1424 1090 carni-

70 1128 92 1158 3
111 1119 236 1157 ficum.
296 1119 370 1156 fine
391 1119 480 1155 anni
512 1118 713 1167 Poppaeus
744 1117 908 1155 Sabinus
938 1118 1126 1156 concessit
1145 1118 1229 1163 vita,
1250 1117 1424 1155 modicus
1444 1132 1482 1166 15

111 1184 278 1234 originis,
300 1184 515 1233 principum
537 1183 702 1220 amicitia
723 1183 961 1220 consulatum
991 1194 1036 1221 ac
1062 1182 1288 1232 triumphale
1308 1182 1425 1220 decus

111 1249 271 1299 adeptus
291 1248 546 1298 maximisque
566 1248 769 1297 provinciis
790 1260 857 1297 per
886 1255 1064 1298 quattuor
1091 1255 1126 1285 et
1154 1248 1282 1297 viginti
1304 1258 1425 1284 annos

111 1314 307 1365 inpositus,
329 1313 475 1351 nullam
501 1314 552 1352 ob
578 1312 757 1350 eximiam
782 1319 912 1359 artem,
936 1312 1002 1350 sed
1031 1313 1136 1362 quod
1165 1324 1233 1362 par
1262 1312 1425 1362 negotiis

111 1392 236 1430 neque
256 1391 372 1429 supra
393 1385 483 1417 erat.

166 1449 226 1483 40
256 1443 354 1496 (46).
394 1443 443 1491 Q.
474 1444 642 1482 Plautius
674 1443 759 1482 Sex.
789 1442 970 1493 Papinius
1003 1442 1178 1481 consules
1207 1451 1424 1494 sequuntur.
1445 1459 1486 1482 πο

111 1522 159 1549 eo
188 1522 292 1548 anno
320 1521 447 1559 neque
476 1509 581 1559 quod
610 1508 654 1546 L.
688 1509 868 1546 Aruseins
889 1537 896 1546 .
918 1537 925 1545 .
949 1536 956 1544 .
978 1514 1100 1546 morte
1128 1507 1265 1546 adfecti
1292 1508 1425 1555 forent,

111 1575 357 1614 adsuetudine
395 1574 585 1612 malorum
622 1580 663 1611 ut
700 1581 807 1611 atrox
840 1573 1113 1619 advertebatur,
1149 1573 1216 1611 sed
1249 1574 1427 1612 extermit

111 1640 216 1691 quod
238 1639 453 1678 Vibulenus
482 1640 655 1688 Agrippa
680 1650 797 1689 eques
827 1637 1038 1683 Romanus,
1069 1649 1157 1676 cum
1186 1645 1427 1687 perorassent

113 1712 365 1750 accusatores,
386 1705 425 1742 in
445 1705 527 1754 ipsa
548 1704 650 1742 curia
678 1704 952 1753 depromptum
975 1704 1060 1741 sinu
1080 1715 1270 1741 venenum
1290 1703 1424 1750 hausit,

111 1771 387 1822 prolapsusque
413 1782 457 1808 ac
482 1769 734 1808 moribundus
765 1768 948 1807 festinatis
976 1768 1152 1807 lictorum
1181 1769 1358 1806 manibus
1387 1769 1425 1806 in
1446 1783 1485 1816 25

112 1848 304 1874 carcerem
325 1842 454 1885 raptus
474 1842 542 1880 est,
565 1834 769 1885 faucesque
789 1834 865 1872 iam
887 1834 1074 1872 exanimis
1100 1833 1238 1883 laqueo
1258 1841 1426 1873 vexatae.

72 1909 94 1938 2
113 1914 162 1940 ne
200 1901 390 1951 Tigranes
429 1901 598 1952 quidem,
631 1900 814 1937 Armenia
852 1899 1049 1949 quondam
1088 1900 1230 1949 potitus
1260 1911 1306 1937 ac
1336 1906 1426 1937 tunc

72 1978 94 2008 3
113 1978 209 2014 reus,
238 1967 395 2005 nomine
434 1967 539 2016 regio
574 1965 759 2015 supplicia
790 1965 926 2003 civium
957 1964 1100 2014 effugit.
1157 1971 1194 2001 at
1224 1963 1268 2002 C.
1300 1963 1427 2002 Galba

112 2031 321 2071 consularis
353 2038 391 2070 et
428 2031 505 2069 duo
542 2031 668 2069 Blaesi
706 2030 919 2068 voluntario
952 2030 1054 2067 exitu
1086 2029 1268 2076 cecidere,
1302 2028 1427 2067 Galba

113 2097 278 2135 tristibus
297 2096 472 2136 Caesaris
488 2097 617 2135 litteris
630 2096 864 2146 provinciam
881 2095 1003 2133 sortiri
1020 2094 1253 2144 prohibitus:
1284 2093 1427 2132 Blaesis
1446 2110 1487 2141 30

114 2161 336 2209 sacerdotia,
351 2163 498 2212 integra
517 2174 651 2200 eorum
671 2162 790 2200 domo
808 2161 1004 2206 destinata,
1022 2160 1202 2198 convulsa
1222 2159 1427 2205 distulerat,

115 2234 204 2266 tunc
232 2233 273 2265 ut
303 2240 419 2266 vacua
448 2228 606 2266 contulit
637 2228 674 2265 in
703 2227 805 2273 alios,
842 2225 945 2276 quod
975 2226 1129 2275 signum
1158 2225 1291 2263 mortis
1319 2224 1428 2263 intel-

73 2293 239 2331 4lexere
276 2300 313 2331 et
351 2294 518 2331 exsecuti
552 2300 650 2331 sunt.
707 2298 744 2330 et
775 2292 937 2330 Aemilia
964 2290 1121 2340 Lepida,
1154 2303 1269 2341 quam
1303 2291 1426 2328 iuveni
